<?xml version="1.0" encoding="UTF-8"?>
<!DOCTYPE html PUBLIC "-//W3C//DTD XHTML 1.0 Transitional//EN"
    "http://www.w3.org/TR/xhtml1/DTD/xhtml1-transitional.dtd">
<html xmlns="http://www.w3.org/1999/xhtml" xml:lang="en" lang="en">
 <head>
  <title>
</title>
<meta http-equiv="Content-Type" content="text/html;charset=utf-8" />
  <meta name='ocr-system' content='tesseract 3.04.00' />
  <meta name='ocr-capabilities' content='ocr_page ocr_carea ocr_par ocr_line ocrx_word'/>
</head>
<body>
  <div class='ocr_page' id='page_1' title='image "./marcitulliicice05pedigoog_0254.png"; bbox 0 0 2310 3916; ppageno 0'>
   <div class='ocr_carea' id='block_1_1' title="bbox 18 134 1117 2312">
    <p class='ocr_par' dir='ltr' id='par_1_1' title="bbox 18 134 1117 2312">
     <span class='ocr_line' id='line_1_1' title="bbox 98 134 895 229; baseline -0.006 -18"><span class='ocrx_word' id='word_1_1' title='bbox 98 134 784 211; x_wconf 55' lang='grc' dir='ltr'>·“···1·ηιηιι·ἸἾειίῚίύέι&gt;ἱεοιιωειυτ</span> <span class='ocrx_word' id='word_1_2' title='bbox 831 137 895 229; x_wconf 63' lang='grc' dir='ltr'>ἠγ</span> 
     </span>
     <span class='ocr_line' id='line_1_2' title="bbox 18 245 894 340; baseline -0.001 -31"><span class='ocrx_word' id='word_1_3' title='bbox 18 248 216 310; x_wconf 70' lang='lat' dir='ltr'>&#39;nudoritatem</span> <span class='ocrx_word' id='word_1_4' title='bbox 235 290 244 318; x_wconf 92' lang='lat'>,</span> <span class='ocrx_word' id='word_1_5' title='bbox 264 248 378 307; x_wconf 84' lang='lat' dir='ltr'>¹²cu&#39;us</span> <span class='ocrx_word' id='word_1_6' title='bbox 390 245 492 306; x_wconf 68' lang='lat' dir='ltr'>sestam</span> <span class='ocrx_word' id='word_1_7' title='bbox 513 257 597 322; x_wconf 86' lang='lat' dir='ltr'>atque</span> <span class='ocrx_word' id='word_1_8' title='bbox 616 246 766 340; x_wconf 83' lang='lat' dir='ltr'>imperium</span> <span class='ocrx_word' id='word_1_9' title='bbox 786 247 894 308; x_wconf 84' lang='lat' dir='ltr'>summa</span> 
     </span>
     <span class='ocr_line' id='line_1_3' title="bbox 19 265 1044 410; baseline -0.001 -25"><span class='ocrx_word' id='word_1_10' title='bbox 19 343 88 385; x_wconf 88' lang='lat' dir='ltr'>cum</span> <span class='ocrx_word' id='word_1_11' title='bbox 107 324 207 384; x_wconf 89' lang='lat' dir='ltr'>tuadi</span> <span class='ocrx_word' id='word_1_12' title='bbox 247 326 310 384; x_wconf 78' lang='lat' dir='ltr'>&#39;tate</span> <span class='ocrx_word' id='word_1_13' title='bbox 329 265 436 384; x_wconf 72' lang='lat' dir='ltr'>decutus</span> <span class='ocrx_word' id='word_1_14' title='bbox 456 339 510 390; x_wconf 61' lang='lat' dir='ltr'>esu</span> <span class='ocrx_word' id='word_1_15' title='bbox 534 333 583 381; x_wconf 85' lang='lat' dir='ltr'>aut</span> <span class='ocrx_word' id='word_1_16' title='bbox 601 324 734 410; x_wconf 79' lang='lat' dir='ltr'>certeilli</span> <span class='ocrx_word' id='word_1_17' title='bbox 757 326 894 400; x_wconf 81' lang='lat' dir='ltr'>integram</span> <span class='ocrx_word' id='word_1_18' title='bbox 959 366 962 371; x_wconf 87' lang='lat'><em>-</em></span> <span class='ocrx_word' id='word_1_19' title='bbox 1041 404 1044 408; x_wconf 13' lang='grc' dir='ltr'><strong>Δ</strong></span> 
     </span>
     <span class='ocr_line' id='line_1_4' title="bbox 20 396 1042 467; baseline 0.002 -5"><span class='ocrx_word' id='word_1_20' title='bbox 20 419 143 467; x_wconf 88' lang='lat' dir='ltr'>omnem</span> <span class='ocrx_word' id='word_1_21' title='bbox 159 418 265 466; x_wconf 83' lang='lat' dir='ltr'>cauam</span> <span class='ocrx_word' id='word_1_22' title='bbox 279 400 422 461; x_wconf 87' lang='lat' dir='ltr'>reservare.</span> <span class='ocrx_word' id='word_1_23' title='bbox 461 398 532 458; x_wconf 89' lang='lat' dir='ltr'>Illud</span> <span class='ocrx_word' id='word_1_24' title='bbox 544 396 614 457; x_wconf 80' lang='lat' dir='ltr'>vero</span> <span class='ocrx_word' id='word_1_25' title='bbox 628 399 751 459; x_wconf 78' lang='lat' dir='ltr'>dubitare</span> <span class='ocrx_word' id='word_1_26' title='bbox 771 419 831 465; x_wconf 88' lang='lat' dir='ltr'>non</span> <span class='ocrx_word' id='word_1_27' title='bbox 845 402 895 467; x_wconf 89' lang='lat' dir='ltr'>de·</span> <span class='ocrx_word' id='word_1_28' title='bbox 919 417 942 464; x_wconf 81' lang='lat' dir='ltr'>r.</span> <span class='ocrx_word' id='word_1_29' title='bbox 954 415 1042 467; x_wconf 72' lang='grc' dir='ltr'><strong>σοιν.</strong></span> 
     </span>
     <span class='ocr_line' id='line_1_5' title="bbox 19 474 893 566; baseline -0.001 -28"><span class='ocrx_word' id='word_1_30' title='bbox 19 479 94 547; x_wconf 88' lang='lat' dir='ltr'>bes,</span> <span class='ocrx_word' id='word_1_31' title='bbox 113 479 182 566; x_wconf 91' lang='lat' dir='ltr'>quin</span> <span class='ocrx_word' id='word_1_32' title='bbox 202 488 260 536; x_wconf 90' lang='lat' dir='ltr'>tam</span> <span class='ocrx_word' id='word_1_33' title='bbox 280 495 387 555; x_wconf 83' lang='lat' dir='ltr'>grave,</span> <span class='ocrx_word' id='word_1_34' title='bbox 412 487 471 535; x_wconf 85' lang='lat' dir='ltr'>tarn</span> <span class='ocrx_word' id='word_1_35' title='bbox 492 474 630 545; x_wconf 85' lang='lat' dir='ltr'>firmum,</span> <span class='ocrx_word' id='word_1_36' title='bbox 667 487 725 534; x_wconf 90' lang='lat' dir='ltr'>tam</span> <span class='ocrx_word' id='word_1_37' title='bbox 745 477 893 537; x_wconf 84' lang='lat' dir='ltr'>honestum</span> 
     </span>
     <span class='ocr_line' id='line_1_6' title="bbox 21 550 891 630; baseline -0.001 -16"><span class='ocrx_word' id='word_1_38' title='bbox 21 555 209 630; x_wconf 79' lang='lat' dir='ltr'>municipium</span> <span class='ocrx_word' id='word_1_39' title='bbox 222 554 272 615; x_wconf 90' lang='lat' dir='ltr'>tibi</span> <span class='ocrx_word' id='word_1_40' title='bbox 291 567 343 613; x_wconf 91' lang='lat' dir='ltr'>tuo</span> <span class='ocrx_word' id='word_1_41' title='bbox 363 553 475 612; x_wconf 91' lang='lat' dir='ltr'>summo</span> <span class='ocrx_word' id='word_1_42' title='bbox 493 550 631 612; x_wconf 88' lang='lat' dir='ltr'>beneficio</span> <span class='ocrx_word' id='word_1_43' title='bbox 648 563 673 606; x_wconf 80' lang='lat'>¹3</span> <span class='ocrx_word' id='word_1_44' title='bbox 683 554 712 611; x_wconf 91' lang='lat' dir='ltr'>in</span> <span class='ocrx_word' id='word_1_45' title='bbox 727 567 891 630; x_wconf 86' lang='lat' dir='ltr'>perpetuum</span> 
     </span>
     <span class='ocr_line' id='line_1_7' title="bbox 20 624 1043 708; baseline 0.004 -18"><span class='ocrx_word' id='word_1_46' title='bbox 20 629 165 707; x_wconf 77' lang='lat' dir='ltr'>dobligare</span> <span class='ocrx_word' id='word_1_47' title='bbox 178 624 255 690; x_wconf 79' lang='lat' dir='ltr'>uelis.</span> <span class='ocrx_word' id='word_1_48' title='bbox 292 630 346 690; x_wconf 85' lang='lat' dir='ltr'>Sed</span> <span class='ocrx_word' id='word_1_49' title='bbox 359 631 440 699; x_wconf 83' lang='lat' dir='ltr'>haee,</span> <span class='ocrx_word' id='word_1_50' title='bbox 459 645 524 708; x_wconf 87' lang='lat' dir='ltr'>quae</span> <span class='ocrx_word' id='word_1_51' title='bbox 544 627 621 704; x_wconf 74' lang='lat' dir='ltr'>suprd</span> <span class='ocrx_word' id='word_1_52' title='bbox 642 628 737 704; x_wconf 87' lang='lat' dir='ltr'>scripta</span> <span class='ocrx_word' id='word_1_53' title='bbox 758 631 836 700; x_wconf 90' lang='lat' dir='ltr'>sunt,</span> <span class='ocrx_word' id='word_1_54' title='bbox 855 625 919 697; x_wconf 77' lang='lat' dir='ltr'>eod</span> <span class='ocrx_word' id='word_1_55' title='bbox 941 626 1043 701; x_wconf 66' lang='lat' dir='ltr'>obligari</span> 
     </span>
     <span class='ocr_line' id='line_1_8' title="bbox 21 690 1041 786; baseline -0.003 -19"><span class='ocrx_word' id='word_1_56' title='bbox 21 707 168 786; x_wconf 65' lang='lat' dir='ltr'>speciant,</span> <span class='ocrx_word' id='word_1_57' title='bbox 208 701 238 765; x_wconf 88' lang='lat' dir='ltr'>u&#39;t</span> <span class='ocrx_word' id='word_1_58' title='bbox 255 716 285 765; x_wconf 87' lang='lat' dir='ltr'>te</span> <span class='ocrx_word' id='word_1_59' title='bbox 306 707 400 767; x_wconf 87' lang='lat' dir='ltr'>horter</span> <span class='ocrx_word' id='word_1_60' title='bbox 426 706 456 777; x_wconf 71' lang='lat' dir='ltr'>du</span> <span class='ocrx_word' id='word_1_61' title='bbox 476 704 633 764; x_wconf 79' lang='lat' dir='ltr'>esuadeam.</span> <span class='ocrx_word' id='word_1_62' title='bbox 671 705 788 783; x_wconf 84' lang='lat' dir='ltr'><strong>Reliqua</strong></span> <span class='ocrx_word' id='word_1_63' title='bbox 808 707 869 767; x_wconf 91' lang='lat' dir='ltr'>sunt</span> <span class='ocrx_word' id='word_1_64' title='bbox 883 690 1041 778; x_wconf 71' lang='lat' dir='ltr'>,V⁶¹!‘.⁶⁷‘⁷‘·</span> 
     </span>
     <span class='ocr_line' id='line_1_9' title="bbox 22 751 1044 872; baseline -0.001 -30"><span class='ocrx_word' id='word_1_65' title='bbox 22 802 89 872; x_wconf 88' lang='lat' dir='ltr'>quae</span> <span class='ocrx_word' id='word_1_66' title='bbox 103 784 241 860; x_wconf 86' lang='lat' dir='ltr'>pertinent</span> <span class='ocrx_word' id='word_1_67' title='bbox 254 781 290 840; x_wconf 92' lang='lat' dir='ltr'>ad</span> <span class='ocrx_word' id='word_1_68' title='bbox 303 781 481 860; x_wconf 86' lang='lat' dir='ltr'>rogandum:</span> <span class='ocrx_word' id='word_1_69' title='bbox 508 793 541 839; x_wconf 90' lang='lat' dir='ltr'>ut</span> <span class='ocrx_word' id='word_1_70' title='bbox 560 798 621 868; x_wconf 83' lang='lat' dir='ltr'>non</span> <span class='ocrx_word' id='word_1_71' title='bbox 640 780 728 840; x_wconf 81' lang='lat' dir='ltr'>solum</span> <span class='ocrx_word' id='word_1_72' title='bbox 749 781 796 843; x_wconf 77' lang='lat' dir='ltr'>tud</span> <span class='ocrx_word' id='word_1_73' title='bbox 816 751 1044 867; x_wconf 50' lang='lat' dir='ltr'>cauldfuffi&#39;ff</span> 
     </span>
     <span class='ocr_line' id='line_1_10' title="bbox 22 856 895 937; baseline 0 -19"><span class='ocrx_word' id='word_1_74' title='bbox 22 860 73 919; x_wconf 84' lang='lat' dir='ltr'>ubi</span> <span class='ocrx_word' id='word_1_75' title='bbox 87 857 232 918; x_wconf 85' lang='lat' dir='ltr'>confilium</span> <span class='ocrx_word' id='word_1_76' title='bbox 246 876 294 918; x_wconf 89' lang='lat' dir='ltr'>me</span> <span class='ocrx_word' id='word_1_77' title='bbox 308 859 373 918; x_wconf 86' lang='lat' dir='ltr'>dare</span> <span class='ocrx_word' id='word_1_78' title='bbox 385 871 481 936; x_wconf 84' lang='lat' dir='ltr'>putes,</span> <span class='ocrx_word' id='word_1_79' title='bbox 500 856 545 916; x_wconf 88' lang='lat' dir='ltr'>sed</span> <span class='ocrx_word' id='word_1_80' title='bbox 559 870 643 920; x_wconf 84' lang='lat' dir='ltr'>etum</span> <span class='ocrx_word' id='word_1_81' title='bbox 656 857 734 934; x_wconf 78' lang='lat' dir='ltr'>quod</span> <span class='ocrx_word' id='word_1_82' title='bbox 749 860 895 937; x_wconf 77' lang='lat' dir='ltr'>milriopus</span> 
     </span>
     <span class='ocr_line' id='line_1_11' title="bbox 24 933 1043 1013; baseline 0.002 -18"><span class='ocrx_word' id='word_1_83' title='bbox 24 934 75 1006; x_wconf 88' lang='lat' dir='ltr'>sit,</span> <span class='ocrx_word' id='word_1_84' title='bbox 95 952 143 994; x_wconf 92' lang='lat' dir='ltr'>me</span> <span class='ocrx_word' id='word_1_85' title='bbox 162 934 180 994; x_wconf 80' lang='lat' dir='ltr'>d</span> <span class='ocrx_word' id='word_1_86' title='bbox 202 945 232 994; x_wconf 88' lang='lat' dir='ltr'>te</span> <span class='ocrx_word' id='word_1_87' title='bbox 245 947 340 1011; x_wconf 89' lang='lat' dir='ltr'>petere</span> <span class='ocrx_word' id='word_1_88' title='bbox 360 937 390 995; x_wconf 90' lang='lat'>&amp;</span> <span class='ocrx_word' id='word_1_89' title='bbox 403 952 508 1012; x_wconf 85' lang='lat' dir='ltr'>rogare.</span> <span class='ocrx_word' id='word_1_90' title='bbox 546 933 734 995; x_wconf 85' lang='lat' dir='ltr'>Gratiffimum</span> <span class='ocrx_word' id='word_1_91' title='bbox 747 937 830 1013; x_wconf 84' lang='lat' dir='ltr'>igitur</span> <span class='ocrx_word' id='word_1_92' title='bbox 843 939 896 996; x_wconf 92' lang='lat' dir='ltr'>mi·</span> <span class='ocrx_word' id='word_1_93' title='bbox 971 970 976 977; x_wconf 90' lang='lat'><em>-</em></span> <span class='ocrx_word' id='word_1_94' title='bbox 1038 954 1043 977; x_wconf 87' lang='lat'>··</span> 
     </span>
     <span class='ocr_line' id='line_1_12' title="bbox 26 1009 995 1093; baseline 0.001 -21"><span class='ocrx_word' id='word_1_95' title='bbox 26 1010 187 1084; x_wconf 71' lang='lat' dir='ltr'>hifecerin‚</span> <span class='ocrx_word' id='word_1_96' title='bbox 205 1009 439 1077; x_wconf 86' lang='lat' dir='ltr'>siVolaterranos</span> <span class='ocrx_word' id='word_1_97' title='bbox 452 1011 580 1071; x_wconf 89' lang='lat' dir='ltr'>omnibus</span> <span class='ocrx_word' id='word_1_98' title='bbox 601 1011 680 1070; x_wconf 86' lang='lat' dir='ltr'>rebus</span> <span class='ocrx_word' id='word_1_99' title='bbox 706 1012 827 1093; x_wconf 86' lang='lat' dir='ltr'>integros</span> <span class='ocrx_word' id='word_1_100' title='bbox 851 1015 895 1073; x_wconf 91' lang='lat' dir='ltr'>in·</span> <span class='ocrx_word' id='word_1_101' title='bbox 991 1018 995 1025; x_wconf 89' lang='lat'>&#39;</span> 
     </span>
     <span class='ocr_line' id='line_1_13' title="bbox 26 1081 1117 1164; baseline 0.005 -18"><span class='ocrx_word' id='word_1_102' title='bbox 26 1087 207 1164; x_wconf 87' lang='lat' dir='ltr'>columesque</span> <span class='ocrx_word' id='word_1_103' title='bbox 227 1085 280 1147; x_wconf 85' lang='lat' dir='ltr'>esse</span> <span class='ocrx_word' id='word_1_104' title='bbox 295 1089 423 1148; x_wconf 85' lang='lat' dir='ltr'>volueris.</span> <span class='ocrx_word' id='word_1_105' title='bbox 460 1088 569 1147; x_wconf 91' lang='lat' dir='ltr'>Eorum</span> <span class='ocrx_word' id='word_1_106' title='bbox 583 1085 653 1164; x_wconf 68' lang='lat' dir='ltr'>sego</span> <span class='ocrx_word' id='word_1_107' title='bbox 672 1087 835 1160; x_wconf 88' lang='lat' dir='ltr'>domicilia,</span> <span class='ocrx_word' id='word_1_108' title='bbox 855 1081 1052 1150; x_wconf 63' lang='lat' dir='ltr'>se-f2180fflr</span> <span class='ocrx_word' id='word_1_109' title='bbox 1113 1110 1117 1114; x_wconf 86' lang='lat'>·</span> 
     </span>
     <span class='ocr_line' id='line_1_14' title="bbox 25 1163 1044 1243; baseline 0.005 -19"><span class='ocrx_word' id='word_1_110' title='bbox 25 1163 98 1234; x_wconf 90' lang='lat' dir='ltr'>des,</span> <span class='ocrx_word' id='word_1_111' title='bbox 125 1182 211 1235; x_wconf 86' lang='lat' dir='ltr'>reru,</span> <span class='ocrx_word' id='word_1_112' title='bbox 236 1165 383 1236; x_wconf 78' lang='lat' dir='ltr'>fortunas,</span> <span class='ocrx_word' id='word_1_113' title='bbox 401 1181 466 1243; x_wconf 86' lang='lat' dir='ltr'>quae</span> <span class='ocrx_word' id='word_1_114' title='bbox 486 1163 502 1222; x_wconf 78' lang='lat' dir='ltr'>d</span> <span class='ocrx_word' id='word_1_115' title='bbox 524 1163 573 1222; x_wconf 88' lang='lat' dir='ltr'>diis</span> <span class='ocrx_word' id='word_1_116' title='bbox 592 1163 817 1237; x_wconf 84' lang='lat' dir='ltr'><strong>immortalibus,</strong></span> <span class='ocrx_word' id='word_1_117' title='bbox 836 1167 898 1229; x_wconf 75' lang='lat' dir='ltr'>&amp;d</span> <span class='ocrx_word' id='word_1_118' title='bbox 948 1197 950 1200; x_wconf 45' lang='lat'><strong>⁴</strong></span> <span class='ocrx_word' id='word_1_119' title='bbox 1043 1176 1044 1185; x_wconf 75' lang='grc'>’</span> 
     </span>
     <span class='ocr_line' id='line_1_15' title="bbox 24 1234 900 1319; baseline 0.003 -19"><span class='ocrx_word' id='word_1_120' title='bbox 24 1234 246 1319; x_wconf 74' lang='lat' dir='ltr'>praestantissimis</span> <span class='ocrx_word' id='word_1_121' title='bbox 259 1242 289 1300; x_wconf 93' lang='lat' dir='ltr'>in</span> <span class='ocrx_word' id='word_1_122' title='bbox 301 1241 390 1301; x_wconf 88' lang='lat' dir='ltr'>nosira</span> <span class='ocrx_word' id='word_1_123' title='bbox 404 1240 541 1317; x_wconf 86' lang='lat' dir='ltr'>republica</span> <span class='ocrx_word' id='word_1_124' title='bbox 553 1240 657 1299; x_wconf 85' lang='lat' dir='ltr'>civibus</span> <span class='ocrx_word' id='word_1_125' title='bbox 672 1283 680 1309; x_wconf 95' lang='lat'>,</span> <span class='ocrx_word' id='word_1_126' title='bbox 699 1239 811 1303; x_wconf 92' lang='lat' dir='ltr'>summo</span> <span class='ocrx_word' id='word_1_127' title='bbox 824 1243 900 1303; x_wconf 86' lang='lat' dir='ltr'>sena·</span> 
     </span>
     <span class='ocr_line' id='line_1_16' title="bbox 25 1314 976 1394; baseline 0.005 -18"><span class='ocrx_word' id='word_1_128' title='bbox 25 1329 71 1376; x_wconf 87' lang='lat' dir='ltr'>tus</span> <span class='ocrx_word' id='word_1_129' title='bbox 85 1317 237 1394; x_wconf 86' lang='lat' dir='ltr'>populique</span> <span class='ocrx_word' id='word_1_130' title='bbox 259 1319 384 1377; x_wconf 89' lang='lat' dir='ltr'>Romani</span> <span class='ocrx_word' id='word_1_131' title='bbox 402 1317 492 1376; x_wconf 85' lang='lat' dir='ltr'>studio</span> <span class='ocrx_word' id='word_1_132' title='bbox 512 1314 680 1375; x_wconf 83' lang='lat' dir='ltr'>conservatae</span> <span class='ocrx_word' id='word_1_133' title='bbox 693 1315 776 1391; x_wconf 87' lang='lat' dir='ltr'>sunt,</span> <span class='ocrx_word' id='word_1_134' title='bbox 795 1332 853 1381; x_wconf 86' lang='lat' dir='ltr'>tuae</span> <span class='ocrx_word' id='word_1_135' title='bbox 867 1320 901 1380; x_wconf 84' lang='lat' dir='ltr'>fi·</span> <span class='ocrx_word' id='word_1_136' title='bbox 971 1314 976 1327; x_wconf 88' lang='lat'><em>&#39;</em></span> 
     </span>
     <span class='ocr_line' id='line_1_17' title="bbox 28 1386 1040 1473; baseline 0.005 -19"><span class='ocrx_word' id='word_1_137' title='bbox 28 1394 76 1454; x_wconf 91' lang='lat' dir='ltr'>dei</span> <span class='ocrx_word' id='word_1_138' title='bbox 97 1436 107 1463; x_wconf 91' lang='lat'><strong>‚</strong></span> <span class='ocrx_word' id='word_1_139' title='bbox 130 1393 264 1469; x_wconf 76' lang='lat' dir='ltr'>iustitiae,</span> <span class='ocrx_word' id='word_1_140' title='bbox 284 1394 455 1473; x_wconf 67' lang='lat' dir='ltr'>bonitatique</span> <span class='ocrx_word' id='word_1_141' title='bbox 476 1391 675 1451; x_wconf 81' lang='lat' dir='ltr'>commendo·</span> <span class='ocrx_word' id='word_1_142' title='bbox 697 1392 724 1451; x_wconf 90' lang='lat' dir='ltr'>Si</span> <span class='ocrx_word' id='word_1_143' title='bbox 750 1412 801 1470; x_wconf 91' lang='lat' dir='ltr'>pro</span> <span class='ocrx_word' id='word_1_144' title='bbox 830 1399 900 1458; x_wconf 74' lang='lat' dir='ltr'>meis</span> <span class='ocrx_word' id='word_1_145' title='bbox 959 1462 962 1467; x_wconf 75' lang='grc'><em>,</em></span> <span class='ocrx_word' id='word_1_146' title='bbox 1028 1386 1040 1419; x_wconf 74' lang='grc'>’“</span> 
     </span>
     <span class='ocr_line' id='line_1_18' title="bbox 25 1468 1042 1561; baseline 0.006 -33"><span class='ocrx_word' id='word_1_147' title='bbox 25 1469 144 1548; x_wconf 83' lang='lat' dir='ltr'>pristinis</span> <span class='ocrx_word' id='word_1_148' title='bbox 158 1469 253 1561; x_wconf 83' lang='lat' dir='ltr'>opibus</span> <span class='ocrx_word' id='word_1_149' title='bbox 266 1469 425 1529; x_wconf 78' lang='lat' dir='ltr'>facultatem</span> <span class='ocrx_word' id='word_1_150' title='bbox 440 1468 510 1528; x_wconf 92' lang='lat' dir='ltr'>mihi</span> <span class='ocrx_word' id='word_1_151' title='bbox 528 1485 570 1526; x_wconf 88' lang='lat' dir='ltr'>res</span> <span class='ocrx_word' id='word_1_152' title='bbox 589 1469 645 1527; x_wconf 91' lang='lat' dir='ltr'>hoc</span> <span class='ocrx_word' id='word_1_153' title='bbox 664 1479 793 1546; x_wconf 87' lang='lat' dir='ltr'>tempore</span> <span class='ocrx_word' id='word_1_154' title='bbox 807 1472 899 1547; x_wconf 68' lang='lat' dir='ltr'>duret,</span> <span class='ocrx_word' id='word_1_155' title='bbox 935 1472 939 1481; x_wconf 85' lang='lat'>&#39;</span> <span class='ocrx_word' id='word_1_156' title='bbox 1039 1480 1042 1485; x_wconf 82' lang='lat'><em>&#39;</em></span> 
     </span>
     <span class='ocr_line' id='line_1_19' title="bbox 27 1542 1103 1623; baseline 0.005 -19"><span class='ocrx_word' id='word_1_157' title='bbox 27 1558 62 1605; x_wconf 87' lang='lat' dir='ltr'>ut</span> <span class='ocrx_word' id='word_1_158' title='bbox 77 1547 115 1605; x_wconf 89' lang='lat' dir='ltr'>ita</span> <span class='ocrx_word' id='word_1_159' title='bbox 135 1545 284 1606; x_wconf 65' lang='lat' dir='ltr'>defendere</span> <span class='ocrx_word' id='word_1_160' title='bbox 306 1542 413 1623; x_wconf 86' lang='lat' dir='ltr'>possem</span> <span class='ocrx_word' id='word_1_161' title='bbox 427 1543 641 1616; x_wconf 83' lang='lat' dir='ltr'>Volaterranos,</span> <span class='ocrx_word' id='word_1_162' title='bbox 661 1548 904 1622; x_wconf 75' lang='lat' dir='ltr'>quemadmodum</span> <span class='ocrx_word' id='word_1_163' title='bbox 1034 1556 1039 1567; x_wconf 81' lang='lat'><strong>¹</strong></span> <span class='ocrx_word' id='word_1_164' title='bbox 1100 1549 1103 1557; x_wconf 62' lang='lat'><strong><em>⁴</em></strong></span> 
     </span>
     <span class='ocr_line' id='line_1_20' title="bbox 28 1619 905 1705; baseline 0.005 -23"><span class='ocrx_word' id='word_1_165' title='bbox 28 1621 162 1682; x_wconf 81' lang='lat' dir='ltr'>consuevi</span> <span class='ocrx_word' id='word_1_166' title='bbox 175 1623 247 1683; x_wconf 88' lang='lat' dir='ltr'>tueri</span> <span class='ocrx_word' id='word_1_167' title='bbox 262 1640 341 1683; x_wconf 90' lang='lat' dir='ltr'>meos</span> <span class='ocrx_word' id='word_1_168' title='bbox 349 1644 359 1689; x_wconf 88' lang='lat'>;</span> <span class='ocrx_word' id='word_1_169' title='bbox 379 1621 485 1682; x_wconf 91' lang='lat' dir='ltr'>nullum</span> <span class='ocrx_word' id='word_1_170' title='bbox 501 1619 643 1691; x_wconf 81' lang='lat' dir='ltr'>officium,</span> <span class='ocrx_word' id='word_1_171' title='bbox 662 1622 768 1682; x_wconf 86' lang='lat' dir='ltr'>nullum</span> <span class='ocrx_word' id='word_1_172' title='bbox 783 1625 905 1705; x_wconf 89' lang='lat' dir='ltr'>denique</span> 
     </span>
     <span class='ocr_line' id='line_1_21' title="bbox 29 1694 1044 1787; baseline 0.005 -30"><span class='ocrx_word' id='word_1_173' title='bbox 29 1698 196 1771; x_wconf 66' lang='lat' dir='ltr'>certamen,</span> <span class='ocrx_word' id='word_1_174' title='bbox 215 1699 245 1758; x_wconf 92' lang='lat' dir='ltr'>in</span> <span class='ocrx_word' id='word_1_175' title='bbox 267 1714 325 1776; x_wconf 91' lang='lat' dir='ltr'>quo</span> <span class='ocrx_word' id='word_1_176' title='bbox 344 1698 395 1758; x_wconf 85' lang='lat' dir='ltr'>illis</span> <span class='ocrx_word' id='word_1_177' title='bbox 414 1694 540 1776; x_wconf 79' lang='lat' dir='ltr'>prodesse</span> <span class='ocrx_word' id='word_1_178' title='bbox 560 1695 692 1774; x_wconf 86' lang='lat' dir='ltr'>possem,</span> <span class='ocrx_word' id='word_1_179' title='bbox 711 1699 905 1777; x_wconf 72' lang='lat' dir='ltr'>praetermitte·</span> <span class='ocrx_word' id='word_1_180' title='bbox 965 1769 969 1775; x_wconf 57' lang='grc'>,</span> <span class='ocrx_word' id='word_1_181' title='bbox 1038 1762 1044 1787; x_wconf 42' lang='lat'><em>¹</em></span> 
     </span>
     <span class='ocr_line' id='line_1_22' title="bbox 25 1774 902 1854; baseline 0.005 -19"><span class='ocrx_word' id='word_1_182' title='bbox 25 1782 101 1835; x_wconf 80' lang='lat' dir='ltr'>rem.</span> <span class='ocrx_word' id='word_1_183' title='bbox 139 1774 216 1847; x_wconf 85' lang='lat' dir='ltr'>Sed,</span> <span class='ocrx_word' id='word_1_184' title='bbox 236 1793 324 1851; x_wconf 90' lang='lat' dir='ltr'>quum</span> <span class='ocrx_word' id='word_1_185' title='bbox 345 1775 419 1852; x_wconf 91' lang='lat' dir='ltr'>apud</span> <span class='ocrx_word' id='word_1_186' title='bbox 436 1788 465 1834; x_wconf 86' lang='lat' dir='ltr'>re</span> <span class='ocrx_word' id='word_1_187' title='bbox 492 1774 670 1851; x_wconf 84' lang='lat' dir='ltr'>nihilominus</span> <span class='ocrx_word' id='word_1_188' title='bbox 689 1776 746 1834; x_wconf 90' lang='lat' dir='ltr'>hoc</span> <span class='ocrx_word' id='word_1_189' title='bbox 772 1789 902 1854; x_wconf 84' lang='lat' dir='ltr'>tempore</span> 
     </span>
     <span class='ocr_line' id='line_1_23' title="bbox 27 1849 902 1929; baseline 0.008 -19"><span class='ocrx_word' id='word_1_190' title='bbox 27 1851 184 1921; x_wconf 83' lang='lat' dir='ltr'>valere&#39;me</span> <span class='ocrx_word' id='word_1_191' title='bbox 198 1850 312 1917; x_wconf 88' lang='lat' dir='ltr'>confido</span> <span class='ocrx_word' id='word_1_192' title='bbox 322 1853 425 1928; x_wconf 67' lang='lat' dir='ltr'>,quim</span> <span class='ocrx_word' id='word_1_193' title='bbox 439 1849 572 1910; x_wconf 85' lang='lat' dir='ltr'>valuerim</span> <span class='ocrx_word' id='word_1_194' title='bbox 586 1850 693 1929; x_wconf 87' lang='lat' dir='ltr'>semper</span> <span class='ocrx_word' id='word_1_195' title='bbox 706 1850 779 1926; x_wconf 86' lang='lat' dir='ltr'>apud</span> <span class='ocrx_word' id='word_1_196' title='bbox 790 1868 902 1919; x_wconf 88' lang='lat' dir='ltr'>omnes:</span> 
     </span>
     <span class='ocr_line' id='line_1_24' title="bbox 28 1927 903 2006; baseline 0.005 -21"><span class='ocrx_word' id='word_1_197' title='bbox 28 1945 83 2006; x_wconf 85' lang='lat' dir='ltr'>pro</span> <span class='ocrx_word' id='word_1_198' title='bbox 96 1927 187 1987; x_wconf 83' lang='lat' dir='ltr'>nostra</span> <span class='ocrx_word' id='word_1_199' title='bbox 200 1927 517 2003; x_wconf 74' lang='lat' dir='ltr'>summanecellitudine</span> <span class='ocrx_word' id='word_1_200' title='bbox 531 1970 540 1996; x_wconf 90' lang='lat'>,</span> <span class='ocrx_word' id='word_1_201' title='bbox 560 1929 672 2005; x_wconf 86' lang='lat' dir='ltr'>parique</span> <span class='ocrx_word' id='word_1_202' title='bbox 692 1927 851 2003; x_wconf 84' lang='lat' dir='ltr'>internos,</span> <span class='ocrx_word' id='word_1_203' title='bbox 871 1935 903 1993; x_wconf 75' lang='grc' dir='ltr'>δι</span> 
     </span>
     <span class='ocr_line' id='line_1_25' title="bbox 29 2003 902 2081; baseline 0.006 -19"><span class='ocrx_word' id='word_1_204' title='bbox 29 2016 131 2062; x_wconf 88' lang='lat' dir='ltr'>mutua</span> <span class='ocrx_word' id='word_1_205' title='bbox 143 2004 330 2075; x_wconf 85' lang='lat' dir='ltr'>benivolentia</span> <span class='ocrx_word' id='word_1_206' title='bbox 342 2004 388 2062; x_wconf 86' lang='lat' dir='ltr'>abs</span> <span class='ocrx_word' id='word_1_207' title='bbox 401 2017 429 2064; x_wconf 88' lang='lat' dir='ltr'>te</span> <span class='ocrx_word' id='word_1_208' title='bbox 449 2014 516 2081; x_wconf 89' lang='lat' dir='ltr'>peto</span> <span class='ocrx_word' id='word_1_209' title='bbox 531 2029 546 2075; x_wconf 43' lang='lat'>‚*</span> <span class='ocrx_word' id='word_1_210' title='bbox 559 2015 590 2063; x_wconf 86' lang='lat' dir='ltr'>ut</span> <span class='ocrx_word' id='word_1_211' title='bbox 609 2005 646 2062; x_wconf 87' lang='lat' dir='ltr'>ita</span> <span class='ocrx_word' id='word_1_212' title='bbox 668 2003 703 2081; x_wconf 83' lang='lat' dir='ltr'>de</span> <span class='ocrx_word' id='word_1_213' title='bbox 716 2004 902 2072; x_wconf 78' lang='lat' dir='ltr'>Volaterranis</span> 
     </span>
     <span class='ocr_line' id='line_1_26' title="bbox 29 2077 903 2160; baseline 0.007 -20"><span class='ocrx_word' id='word_1_214' title='bbox 29 2096 156 2140; x_wconf 84' lang='lat' dir='ltr'>mereare</span> <span class='ocrx_word' id='word_1_215' title='bbox 176 2122 185 2150; x_wconf 90' lang='lat'>‚</span> <span class='ocrx_word' id='word_1_216' title='bbox 203 2091 235 2138; x_wconf 87' lang='lat' dir='ltr'>ut</span> <span class='ocrx_word' id='word_1_217' title='bbox 249 2078 404 2140; x_wconf 83' lang='lat' dir='ltr'>existiment</span> <span class='ocrx_word' id='word_1_218' title='bbox 418 2124 427 2149; x_wconf 91' lang='lat'>‚</span> <span class='ocrx_word' id='word_1_219' title='bbox 447 2097 513 2160; x_wconf 82' lang='lat' dir='ltr'>eum</span> <span class='ocrx_word' id='word_1_220' title='bbox 525 2077 603 2156; x_wconf 80' lang='lat' dir='ltr'>&#39;quasi</span> <span class='ocrx_word' id='word_1_221' title='bbox 617 2078 712 2140; x_wconf 77' lang='lat' dir='ltr'>diuino</span> <span class='ocrx_word' id='word_1_222' title='bbox 734 2082 848 2143; x_wconf 73' lang='lat' dir='ltr'>consilio</span> <span class='ocrx_word' id='word_1_223' title='bbox 862 2085 903 2146; x_wconf 89' lang='lat' dir='ltr'>isti</span> 
     </span>
     <span class='ocr_line' id='line_1_27' title="bbox 28 2152 904 2233; baseline 0.003 -15"><span class='ocrx_word' id='word_1_224' title='bbox 28 2156 149 2232; x_wconf 85' lang='lat' dir='ltr'>negotio</span> <span class='ocrx_word' id='word_1_225' title='bbox 176 2156 354 2232; x_wconf 83' lang='lat' dir='ltr'>pra&#39;epofitum</span> <span class='ocrx_word' id='word_1_226' title='bbox 384 2152 464 2228; x_wconf 85' lang='lat' dir='ltr'>elle,</span> <span class='ocrx_word' id='word_1_227' title='bbox 502 2155 576 2233; x_wconf 84' lang='lat' dir='ltr'>apud</span> <span class='ocrx_word' id='word_1_228' title='bbox 603 2174 688 2233; x_wconf 86' lang='lat' dir='ltr'>quem</span> <span class='ocrx_word' id='word_1_229' title='bbox 716 2174 806 2217; x_wconf 90' lang='lat' dir='ltr'>unum</span> <span class='ocrx_word' id='word_1_230' title='bbox 834 2158 904 2233; x_wconf 63' lang='lat' dir='ltr'>no‘s,</span> 
     </span>
     <span class='ocr_line' id='line_1_28' title="bbox 29 2230 902 2312; baseline 0.006 -16"><span class='ocrx_word' id='word_1_231' title='bbox 29 2251 132 2296; x_wconf 79' lang='lat' dir='ltr'>eorum</span> <span class='ocrx_word' id='word_1_232' title='bbox 146 2232 271 2312; x_wconf 72' lang='lat' dir='ltr'>perpetui</span> <span class='ocrx_word' id='word_1_233' title='bbox 284 2232 440 2295; x_wconf 83' lang='lat' dir='ltr'>defensores</span> <span class='ocrx_word' id='word_1_234' title='bbox 448 2253 461 2305; x_wconf 87' lang='lat'>,·</span> <span class='ocrx_word' id='word_1_235' title='bbox 477 2230 627 2309; x_wconf 79' lang='lat' dir='ltr'>plurimum</span> <span class='ocrx_word' id='word_1_236' title='bbox 640 2233 732 2294; x_wconf 83' lang='lat' dir='ltr'>valere</span> <span class='ocrx_word' id='word_1_237' title='bbox 752 2233 902 2310; x_wconf 77' lang='lat' dir='ltr'>possumus.</span> 
     </span>
    </p>
   </div>
   <div class='ocr_carea' id='block_1_2' title="bbox 303 2438 626 2488">
    <p class='ocr_par' dir='ltr' id='par_1_2' title="bbox 303 2438 626 2488">
     <span class='ocr_line' id='line_1_29' title="bbox 303 2438 626 2488; baseline 0.009 -3"><span class='ocrx_word' id='word_1_238' title='bbox 303 2438 567 2487; x_wconf 66' lang='lat' dir='ltr'>muron</span> <span class='ocrx_word' id='word_1_239' title='bbox 598 2441 626 2488; x_wconf 86' lang='lat' dir='ltr'>V.</span> 
     </span>
    </p>
   </div>
   <div class='ocr_carea' id='block_1_3' title="bbox 16 2533 928 2678">
    <p class='ocr_par' dir='ltr' id='par_1_3' title="bbox 16 2533 928 2678">
     <span class='ocr_line' id='line_1_30' title="bbox 62 2533 928 2677; baseline -0.002 -63"><span class='ocrx_word' id='word_1_240' title='bbox 62 2563 153 2614; x_wconf 65' lang='lat' dir='ltr'>ARG.</span> <span class='ocrx_word' id='word_1_241' title='bbox 185 2565 216 2611; x_wconf 80' lang='lat' dir='ltr'>Et</span> <span class='ocrx_word' id='word_1_242' title='bbox 225 2533 298 2626; x_wconf 66' lang='lat' dir='ltr'>rogus,</span> <span class='ocrx_word' id='word_1_243' title='bbox 314 2562 341 2616; x_wconf 63' lang='grc' dir='ltr'>ὁ·</span> <span class='ocrx_word' id='word_1_244' title='bbox 355 2561 475 2612; x_wconf 67' lang='lat' dir='ltr'>rationibus</span> <span class='ocrx_word' id='word_1_245' title='bbox 492 2564 559 2612; x_wconf 79' lang='lat' dir='ltr'>eriam</span> <span class='ocrx_word' id='word_1_246' title='bbox 570 2542 695 2627; x_wconf 78' lang='lat' dir='ltr'>persuadere</span> <span class='ocrx_word' id='word_1_247' title='bbox 711 2575 815 2635; x_wconf 68' lang='lat' dir='ltr'>conatur,</span> <span class='ocrx_word' id='word_1_248' title='bbox 828 2579 907 2677; x_wconf 54' lang='lat' dir='ltr'>ueprius?¹</span> <span class='ocrx_word' id='word_1_249' title='bbox 926 2591 928 2596; x_wconf 95' lang='lat'>·</span> 
     </span>
     <span class='ocr_line' id='line_1_31' title="bbox 16 2642 905 2678; baseline 0.006 -5"><span class='ocrx_word' id='word_1_250' title='bbox 16 2645 21 2652; x_wconf 70' lang='lat'><strong><em>⁴</em></strong></span> <span class='ocrx_word' id='word_1_251' title='bbox 849 2642 905 2678; x_wconf 79' lang='lat' dir='ltr'>urtru</span> 
     </span>
    </p>
   </div>
   <div class='ocr_carea' id='block_1_4' title="bbox 10 2775 959 3472">
    <p class='ocr_par' dir='ltr' id='par_1_4' title="bbox 29 2775 959 3091">
     <span class='ocr_line' id='line_1_32' title="bbox 63 2775 902 2886; baseline 0.008 -64"><span class='ocrx_word' id='word_1_252' title='bbox 63 2787 100 2823; x_wconf 82' lang='lat'>12.</span> <span class='ocrx_word' id='word_1_253' title='bbox 120 2777 273 2886; x_wconf 45' lang='lat' dir='ltr'>&amp;jussellum</span> <span class='ocrx_word' id='word_1_254' title='bbox 285 2789 350 2853; x_wconf 73' lang='lat' dir='ltr'>utque</span> <span class='ocrx_word' id='word_1_255' title='bbox 364 2777 477 2832; x_wconf 71' lang='lat' dir='ltr'>imperium</span> <span class='ocrx_word' id='word_1_256' title='bbox 488 2777 571 2838; x_wconf 78' lang='lat' dir='ltr'>securus</span> <span class='ocrx_word' id='word_1_257' title='bbox 581 2783 622 2834; x_wconf 69' lang='lat' dir='ltr'>eu]</span> <span class='ocrx_word' id='word_1_258' title='bbox 637 2775 741 2835; x_wconf 79' lang='lat' dir='ltr'>Alicuius</span> <span class='ocrx_word' id='word_1_259' title='bbox 753 2778 832 2838; x_wconf 64' lang='lat' dir='ltr'>seriam</span> <span class='ocrx_word' id='word_1_260' title='bbox 841 2780 902 2843; x_wconf 69' lang='lat' dir='ltr'>sequi</span> 
     </span>
     <span class='ocr_line' id='line_1_33' title="bbox 29 2835 959 2906; baseline 0.006 -20"><span class='ocrx_word' id='word_1_261' title='bbox 29 2835 116 2887; x_wconf 82' lang='lat' dir='ltr'>dicitur</span> <span class='ocrx_word' id='word_1_262' title='bbox 126 2839 187 2887; x_wconf 89' lang='lat' dir='ltr'>inter</span> <span class='ocrx_word' id='word_1_263' title='bbox 204 2854 263 2896; x_wconf 89' lang='lat' dir='ltr'>um,</span> <span class='ocrx_word' id='word_1_264' title='bbox 279 2855 322 2904; x_wconf 82' lang='lat' dir='ltr'>qur</span> <span class='ocrx_word' id='word_1_265' title='bbox 339 2839 389 2889; x_wconf 87' lang='lat' dir='ltr'>sine</span> <span class='ocrx_word' id='word_1_266' title='bbox 403 2839 454 2888; x_wconf 91' lang='lat' dir='ltr'>ullo</span> <span class='ocrx_word' id='word_1_267' title='bbox 469 2841 567 2889; x_wconf 88' lang='lat' dir='ltr'>crimine</span> <span class='ocrx_word' id='word_1_268' title='bbox 582 2841 669 2906; x_wconf 81' lang='lat' dir='ltr'>regitur</span> <span class='ocrx_word' id='word_1_269' title='bbox 685 2841 781 2894; x_wconf 79' lang='lat' dir='ltr'>alicuius</span> <span class='ocrx_word' id='word_1_270' title='bbox 798 2843 901 2892; x_wconf 74' lang='lat' dir='ltr'>austori·</span> <span class='ocrx_word' id='word_1_271' title='bbox 956 2846 959 2854; x_wconf 87' lang='grc'><em>“</em></span> 
     </span>
     <span class='ocr_line' id='line_1_34' title="bbox 29 2901 903 2965; baseline 0.005 -17"><span class='ocrx_word' id='word_1_272' title='bbox 29 2912 100 2956; x_wconf 85' lang='lat' dir='ltr'>tate,</span> <span class='ocrx_word' id='word_1_273' title='bbox 116 2902 212 2961; x_wconf 80' lang='lat' dir='ltr'>&amp;ejus</span> <span class='ocrx_word' id='word_1_274' title='bbox 227 2901 313 2965; x_wconf 86' lang='lat' dir='ltr'>agendi</span> <span class='ocrx_word' id='word_1_275' title='bbox 327 2902 428 2952; x_wconf 89' lang='lat' dir='ltr'>modum</span> <span class='ocrx_word' id='word_1_276' title='bbox 443 2902 555 2952; x_wconf 84' lang='lat' dir='ltr'>imitatur.</span> <span class='ocrx_word' id='word_1_277' title='bbox 575 2904 617 2952; x_wconf 72' lang='lat' dir='ltr'>sie</span> <span class='ocrx_word' id='word_1_278' title='bbox 633 2903 674 2951; x_wconf 89' lang='lat' dir='ltr'>lib.</span> <span class='ocrx_word' id='word_1_279' title='bbox 689 2919 711 2953; x_wconf 89' lang='lat' dir='ltr'>v.</span> <span class='ocrx_word' id='word_1_280' title='bbox 733 2905 758 2952; x_wconf 92' lang='lat' dir='ltr'>in</span> <span class='ocrx_word' id='word_1_281' title='bbox 770 2910 833 2954; x_wconf 86' lang='lat' dir='ltr'>verr.</span> <span class='ocrx_word' id='word_1_282' title='bbox 853 2911 903 2952; x_wconf 70' lang='lat' dir='ltr'>Hac</span> 
     </span>
     <span class='ocr_line' id='line_1_35' title="bbox 29 2962 914 3028; baseline 0.008 -19"><span class='ocrx_word' id='word_1_283' title='bbox 29 2962 144 3022; x_wconf 65' lang='lat' dir='ltr'>eademst</span> <span class='ocrx_word' id='word_1_284' title='bbox 160 2965 231 3025; x_wconf 77' lang='lat' dir='ltr'>nostru</span> <span class='ocrx_word' id='word_1_285' title='bbox 247 2969 338 3012; x_wconf 78' lang='lat' dir='ltr'>rationis</span> <span class='ocrx_word' id='word_1_286' title='bbox 351 2969 406 3028; x_wconf 78' lang='lat' dir='ltr'>regio</span> <span class='ocrx_word' id='word_1_287' title='bbox 425 2967 452 3016; x_wconf 74' lang='lat' dir='ltr'>do·</span> <span class='ocrx_word' id='word_1_288' title='bbox 474 2969 534 3022; x_wconf 79' lang='lat' dir='ltr'>viu,</span> <span class='ocrx_word' id='word_1_289' title='bbox 555 2969 629 3013; x_wconf 85' lang='lat' dir='ltr'>horum</span> <span class='ocrx_word' id='word_1_290' title='bbox 649 2983 685 3011; x_wconf 86' lang='lat' dir='ltr'>nos</span> <span class='ocrx_word' id='word_1_291' title='bbox 700 2971 809 3014; x_wconf 79' lang='lat' dir='ltr'>hominum</span> <span class='ocrx_word' id='word_1_292' title='bbox 822 2970 914 3027; x_wconf 56' lang='lat' dir='ltr'>fessam*</span> 
     </span>
     <span class='ocr_line' id='line_1_36' title="bbox 29 3022 904 3091; baseline 0.01 -20"><span class='ocrx_word' id='word_1_293' title='bbox 29 3022 96 3086; x_wconf 72' lang='lat' dir='ltr'>utque&#39;</span> <span class='ocrx_word' id='word_1_294' title='bbox 111 3025 211 3084; x_wconf 74' lang='lat' dir='ltr'>instituta</span> <span class='ocrx_word' id='word_1_295' title='bbox 221 3027 374 3091; x_wconf 70' lang='lat' dir='ltr'>prosequimur.</span> <span class='ocrx_word' id='word_1_296' title='bbox 400 3028 453 3078; x_wconf 82' lang='lat' dir='ltr'>Liv.</span> <span class='ocrx_word' id='word_1_297' title='bbox 469 3026 509 3078; x_wconf 88' lang='lat' dir='ltr'>lib.</span> <span class='ocrx_word' id='word_1_298' title='bbox 517 3043 586 3078; x_wconf 82' lang='lat' dir='ltr'>xxrx.</span> <span class='ocrx_word' id='word_1_299' title='bbox 604 3043 624 3076; x_wconf 88' lang='lat' dir='ltr'>c.</span> <span class='ocrx_word' id='word_1_300' title='bbox 632 3045 669 3085; x_wconf 89' lang='lat'>27.</span> <span class='ocrx_word' id='word_1_301' title='bbox 692 3035 720 3077; x_wconf 89' lang='lat' dir='ltr'>ln</span> <span class='ocrx_word' id='word_1_302' title='bbox 735 3027 839 3091; x_wconf 77' lang='lat' dir='ltr'>precibus</span> <span class='ocrx_word' id='word_1_303' title='bbox 854 3031 904 3080; x_wconf 83' lang='lat' dir='ltr'>Sci·</span> 
     </span>
    </p>

    <p class='ocr_par' dir='ltr' id='par_1_5' title="bbox 10 3087 903 3344">
     <span class='ocr_line' id='line_1_37' title="bbox 10 3087 903 3157; baseline 0.003 -22"><span class='ocrx_word' id='word_1_304' title='bbox 10 3111 12 3116; x_wconf 95' lang='lat'>·</span> <span class='ocrx_word' id='word_1_305' title='bbox 31 3087 111 3155; x_wconf 83' lang='lat' dir='ltr'>pionis</span> <span class='ocrx_word' id='word_1_306' title='bbox 124 3087 244 3138; x_wconf 78' lang='lat' dir='ltr'>Africani:</span> <span class='ocrx_word' id='word_1_307' title='bbox 261 3093 296 3136; x_wconf 79' lang='lat' dir='ltr'>Eu</span> <span class='ocrx_word' id='word_1_308' title='bbox 306 3093 363 3138; x_wconf 76' lang='lat' dir='ltr'>mihi</span> <span class='ocrx_word' id='word_1_309' title='bbox 369 3124 376 3147; x_wconf 88' lang='lat'>,</span> <span class='ocrx_word' id='word_1_310' title='bbox 384 3094 474 3153; x_wconf 82' lang='lat' dir='ltr'>populo,</span> <span class='ocrx_word' id='word_1_311' title='bbox 498 3093 578 3154; x_wconf 79' lang='lat' dir='ltr'>lebique</span> <span class='ocrx_word' id='word_1_312' title='bbox 587 3097 620 3157; x_wconf 53' lang='lat' dir='ltr'><em>Q</em></span> <span class='ocrx_word' id='word_1_313' title='bbox 627 3093 705 3150; x_wconf 76' lang='lat' dir='ltr'>fhcir&#39;s,</span> <span class='ocrx_word' id='word_1_314' title='bbox 721 3095 845 3154; x_wconf 80' lang='lat' dir='ltr'>nominique</span> <span class='ocrx_word' id='word_1_315' title='bbox 855 3098 903 3143; x_wconf 74' lang='lat' dir='ltr'>Lu-</span> 
     </span>
     <span class='ocr_line' id='line_1_38' title="bbox 29 3103 902 3220; baseline 0.001 -20"><span class='ocrx_word' id='word_1_316' title='bbox 29 3155 96 3206; x_wconf 78' lang='lat' dir='ltr'>rino,</span> <span class='ocrx_word' id='word_1_317' title='bbox 111 3155 151 3216; x_wconf 86' lang='lat' dir='ltr'>qui</span> <span class='ocrx_word' id='word_1_318' title='bbox 162 3154 238 3216; x_wconf 81' lang='lat' dir='ltr'>populi</span> <span class='ocrx_word' id='word_1_319' title='bbox 250 3157 284 3216; x_wconf 59' lang='lat' dir='ltr'><em>Q</em></span> <span class='ocrx_word' id='word_1_320' title='bbox 297 3156 377 3216; x_wconf 77' lang='lat' dir='ltr'>quique</span> <span class='ocrx_word' id='word_1_321' title='bbox 390 3169 459 3199; x_wconf 83' lang='lat' dir='ltr'>meam</span> <span class='ocrx_word' id='word_1_322' title='bbox 470 3103 567 3213; x_wconf 47' lang='lat' dir='ltr'>didam,</span> <span class='ocrx_word' id='word_1_323' title='bbox 589 3157 721 3216; x_wconf 80' lang='lat' dir='ltr'>imperium,</span> <span class='ocrx_word' id='word_1_324' title='bbox 741 3153 902 3220; x_wconf 73' lang='lat' dir='ltr'>auspiciumque</span> 
     </span>
     <span class='ocr_line' id='line_1_39' title="bbox 30 3211 901 3285; baseline 0.005 -25"><span class='ocrx_word' id='word_1_325' title='bbox 30 3211 91 3260; x_wconf 74' lang='lat' dir='ltr'>und</span> <span class='ocrx_word' id='word_1_326' title='bbox 109 3218 208 3280; x_wconf 75' lang='lat' dir='ltr'>murique</span> <span class='ocrx_word' id='word_1_327' title='bbox 226 3215 363 3279; x_wconf 65' lang='lat' dir='ltr'>amariusque</span> <span class='ocrx_word' id='word_1_328' title='bbox 378 3217 505 3279; x_wconf 75' lang='lat' dir='ltr'>sequuntur.</span> <span class='ocrx_word' id='word_1_329' title='bbox 536 3221 567 3265; x_wconf 86' lang='lat' dir='ltr'>Et</span> <span class='ocrx_word' id='word_1_330' title='bbox 582 3215 623 3266; x_wconf 87' lang='lat' dir='ltr'>lib.</span> <span class='ocrx_word' id='word_1_331' title='bbox 635 3230 708 3264; x_wconf 79' lang='lat' dir='ltr'>xxxv.</span> <span class='ocrx_word' id='word_1_332' title='bbox 738 3221 775 3263; x_wconf 80' lang='lat' dir='ltr'>Vos</span> <span class='ocrx_word' id='word_1_333' title='bbox 785 3222 901 3285; x_wconf 65' lang='lat' dir='ltr'>cererafique</span> 
     </span>
     <span class='ocr_line' id='line_1_40' title="bbox 30 3277 777 3344; baseline 0.007 -20"><span class='ocrx_word' id='word_1_334' title='bbox 30 3277 134 3324; x_wconf 61' lang='lat' dir='ltr'>civitates</span> <span class='ocrx_word' id='word_1_335' title='bbox 143 3279 169 3329; x_wconf 68' lang='lat' dir='ltr'>dr</span> <span class='ocrx_word' id='word_1_336' title='bbox 176 3292 246 3341; x_wconf 77' lang='lat' dir='ltr'>gentes</span> <span class='ocrx_word' id='word_1_337' title='bbox 250 3280 316 3338; x_wconf 81' lang='lat' dir='ltr'>suum</span> <span class='ocrx_word' id='word_1_338' title='bbox 320 3280 401 3340; x_wconf 65' lang='lat' dir='ltr'>setim</span> <span class='ocrx_word' id='word_1_339' title='bbox 410 3278 447 3338; x_wconf 78' lang='lat' dir='ltr'>effe</span> <span class='ocrx_word' id='word_1_340' title='bbox 453 3279 568 3339; x_wconf 73' lang='lat' dir='ltr'>secreturus.</span> <span class='ocrx_word' id='word_1_341' title='bbox 601 3279 623 3344; x_wconf 91' lang='lat' dir='ltr'>J.</span> <span class='ocrx_word' id='word_1_342' title='bbox 631 3284 648 3328; x_wconf 89' lang='lat' dir='ltr'>F</span> <span class='ocrx_word' id='word_1_343' title='bbox 649 3311 656 3329; x_wconf 47' lang='grc' dir='ltr'><strong>ι</strong></span> <span class='ocrx_word' id='word_1_344' title='bbox 668 3283 777 3329; x_wconf 79' lang='lat' dir='ltr'>Gronov.</span> 
     </span>
    </p>

    <p class='ocr_par' dir='ltr' id='par_1_6' title="bbox 29 3341 901 3472">
     <span class='ocr_line' id='line_1_41' title="bbox 68 3341 898 3408; baseline 0.011 -23"><span class='ocrx_word' id='word_1_345' title='bbox 68 3343 104 3393; x_wconf 66' lang='lat' dir='ltr'>13ss</span> <span class='ocrx_word' id='word_1_346' title='bbox 119 3345 146 3386; x_wconf 81' lang='lat' dir='ltr'>1u</span> <span class='ocrx_word' id='word_1_347' title='bbox 156 3353 279 3404; x_wconf 76' lang='lat' dir='ltr'>perpetuum</span> <span class='ocrx_word' id='word_1_348' title='bbox 293 3342 476 3403; x_wconf 61' lang='lat' dir='ltr'>obligantium]</span> <span class='ocrx_word' id='word_1_349' title='bbox 490 3343 576 3391; x_wconf 84' lang='lat' dir='ltr'>Veneti</span> <span class='ocrx_word' id='word_1_350' title='bbox 587 3345 613 3393; x_wconf 70' lang='grc' dir='ltr'>δι</span> <span class='ocrx_word' id='word_1_351' title='bbox 624 3343 665 3392; x_wconf 87' lang='lat' dir='ltr'>alii</span> <span class='ocrx_word' id='word_1_352' title='bbox 675 3344 732 3391; x_wconf 76' lang='lat' dir='ltr'>velis</span> <span class='ocrx_word' id='word_1_353' title='bbox 745 3375 753 3400; x_wconf 91' lang='lat'>,</span> <span class='ocrx_word' id='word_1_354' title='bbox 766 3341 833 3408; x_wconf 89' lang='lat' dir='ltr'>quod</span> <span class='ocrx_word' id='word_1_355' title='bbox 845 3358 898 3394; x_wconf 81' lang='lat' dir='ltr'>ver·</span> 
     </span>
     <span class='ocr_line' id='line_1_42' title="bbox 29 3400 901 3472; baseline 0.011 -23"><span class='ocrx_word' id='word_1_356' title='bbox 29 3400 94 3450; x_wconf 86' lang='lat' dir='ltr'>bum</span> <span class='ocrx_word' id='word_1_357' title='bbox 104 3414 144 3450; x_wconf 78' lang='lat' dir='ltr'>cur</span> <span class='ocrx_word' id='word_1_358' title='bbox 159 3415 280 3462; x_wconf 75' lang='lat' dir='ltr'>amotum</span> <span class='ocrx_word' id='word_1_359' title='bbox 309 3405 383 3472; x_wconf 89' lang='lat' dir='ltr'>inque</span> <span class='ocrx_word' id='word_1_360' title='bbox 405 3404 487 3458; x_wconf 86' lang='lat' dir='ltr'>locum</span> <span class='ocrx_word' id='word_1_361' title='bbox 503 3404 567 3456; x_wconf 72' lang='lat' dir='ltr'>illiue</span> <span class='ocrx_word' id='word_1_362' title='bbox 582 3405 643 3459; x_wconf 88' lang='lat' dir='ltr'>illud</span> <span class='ocrx_word' id='word_1_363' title='bbox 656 3407 757 3458; x_wconf 79' lang='lat' dir='ltr'>alterum</span> <span class='ocrx_word' id='word_1_364' title='bbox 771 3404 901 3471; x_wconf 80' lang='lat' dir='ltr'>repositum</span> 
     </span>
    </p>
   </div>
   <div class='ocr_carea' id='block_1_5' title="bbox 30 3463 928 3596">
    <p class='ocr_par' dir='ltr' id='par_1_7' title="bbox 30 3463 928 3596">
     <span class='ocr_line' id='line_1_43' title="bbox 30 3463 928 3542; baseline 0.003 -4"><span class='ocrx_word' id='word_1_365' title='bbox 30 3463 216 3539; x_wconf 57' lang='lat' dir='ltr'>ffleffl&#39;milff‘r</span> <span class='ocrx_word' id='word_1_366' title='bbox 247 3474 330 3539; x_wconf 60' lang='lat' dir='ltr'>“We</span> <span class='ocrx_word' id='word_1_367' title='bbox 710 3519 712 3523; x_wconf 94' lang='lat'>·</span> <span class='ocrx_word' id='word_1_368' title='bbox 875 3533 879 3542; x_wconf 93' lang='lat'><em>.</em></span> <span class='ocrx_word' id='word_1_369' title='bbox 924 3474 928 3480; x_wconf 45' lang='lat'>⁵</span> 
     </span>
     <span class='ocr_line' id='line_1_44' title="bbox 115 3530 906 3596; baseline 0.009 -14"><span class='ocrx_word' id='word_1_370' title='bbox 115 3576 118 3581; x_wconf 93' lang='lat'>.</span> <span class='ocrx_word' id='word_1_371' title='bbox 194 3578 198 3583; x_wconf 89' lang='lat'>.</span> <span class='ocrx_word' id='word_1_372' title='bbox 461 3536 555 3592; x_wconf 57' lang='lat' dir='ltr'>auus</span> <span class='ocrx_word' id='word_1_373' title='bbox 776 3530 906 3596; x_wconf 51' lang='lat'>1493&amp;</span> 
     </span>
    </p>
   </div>
   <div class='ocr_carea' id='block_1_6' title="bbox 0 0 1178 3916">
    <p class='ocr_par' dir='ltr' id='par_1_8' title="bbox 0 0 1178 3916">
     <span class='ocr_line' id='line_1_45' title="bbox 0 0 1178 3916; baseline 0 0"><span class='ocrx_word' id='word_1_374' title='bbox 0 0 1178 3916; x_wconf 95' lang='lat' dir='ltr'> </span> 
     </span>
    </p>
   </div>
  </div>
 </body>
</html>
