2310 3916
296 164 484 236 Lranrt
526 169 747 239 Nouus.
910 184 971 256 501

100 270 213 333 modius
234 288 299 331 eum
327 271 510 353 exirepoffe.
549 274 583 334 Id
603 293 657 353 ego
682 295 742 336 non
762 273 973 352 intelligebam,

99 348 172 424 quid
184 345 326 409 interesset.
366 351 421 411 Sed
433 366 528 412 tamen
541 352 647 411 Hirtius
661 354 730 412 mihi
743 351 827 423 dixit,
848 357 877 412 δι
897 354 923 412 se
936 355 973 415 ad

101 441 191 494 eum,
210 427 240 485 &
251 426 384 496 Balbum,
404 430 434 487 ὅ(
448 429 574 504 Oppium
587 427 729 504 scripfille‚
749 441 781 487 ut
793 431 830 488 ita
851 432 972 501 faceret,

102 499 247 572 homines,
266 515 297 561 ut
318 505 458 578 cognovi,
477 516 600 563 amantes
620 506 670 564 tui.
708 505 775 564 Hoc
799 523 852 581 ego
866 507 971 566 idcirco

102 574 178 634 nolle
191 590 220 636 te
233 578 327 649 volui,
347 592 379 638 ut
390 580 485 650 scires,
503 580 651 656 hospitium
665 581 714 640 tibi
727 582 773 639 ubi
787 600 907 657 parares,
922 583 968 643 vel
1054 594 1057 601 '

101 651 191 726 potiit
207 655 362 731 utrobique.
382 657 448 732 quid
463 659 539 717 enim
552 657 596 715 ille
612 657 729 715 faslurm
742 656 792 716 riit
800 693 809 726 ,
829 659 986 718 incertumr
1000 652 1029 732 fit
1045 658 1071 705 ἲ»

99 726 160 789 est:
181 730 212 786 δε
225 728 306 788 simul
325 732 459 792 ostentavi
470 735 558 802 stibi,
579 751 626 792 me
646 734 698 791 istis
718 730 771 790 elle
786 718 1102 832 familiarem,⁴“¹.⁸b.‘⁶‘{'.'·.

97 800 128 860 &
143 802 260 864 consiliis
275 807 518 879 eorumintereffe.
558 809 645 885 Quod
659 827 712 883 ego
727 826 777 881 cur
796 810 903 878 nolim,
923 794 1017 892 nissss,l
1031 797 1105 894 ἧς,

98 878 252 940 mimmo
291 884 966 962 bmnemmestimm,²ffmoe,fiqmdst·
1103 872 1116 905 ³

98 956 217 1016 rendum
239 959 292 1019 est:
313 962 343 1020 &
362 960 500 1037 probare,
520 961 538 1021 fi
560 961 626 1049 quid
647 961 820 1036 probandum
840 981 899 1023 non
917 967 965 1026 eu

99 1030 194 1118 &Eltfi
209 1036 276 1110 quid
297 1055 356 1096 non
376 1038 512 1114 probem?
532 1038 599 1115 quid
619 1040 695 1096 enim
711 1040 772 1114 jam
791 1038 847 1097 scio
867 1055 968 1116 praeter

99 1120 177 1166 rmua
198 1127 298 1169 rerum.
337 1114 413 1173 Nam
440 1115 502 1173 haec
527 1116 557 1174 in
577 1115 719 1173 voluntate
741 1115 859 1174 fuerunt.
899 1118 967 1181 Vidi

100 1183 1029 1269 mmmmfflmwwmm

893 1271 970 1331 hune

96 1474 211 1550 ultimum
225 1484 273 1544 eius
287 1485 376 1537 itineris
393 1498 461 1545 erat,
481 1489 545 1548 cujus
566 1502 616 1536 non
640 1484 667 1535 fit
693 1485 791 1536 mentio.
824 1485 890 1535 Nam
908 1491 968 1536 exire

96 1553 172 1613 enam
181 1543 213 1593 iic
222 1546 269 1629 dici
278 1548 355 1615 posse,
372 1551 498 1615 posteriore
506 1551 618 1614 exemplo
630 1549 774 1598 declaratum
789 1546 840 1604 est,
857 1553 967 1614 quamvis
1044 1548 1046 1553 '

95 1602 136 1676 hic
146 1604 218 1666 “diust
250 1625 260 1661 t
278 1613 338 1673 ostia
348 1617 374 1664 in
388 1616 457 1671 loco,
472 1628 546 1663 utres
563 1612 598 1676 (ni
609 1611 694 1672 fallor)
708 1610 833 1674 erigebat:
851 1628 921 1670 nam,
937 1630 964 1662 ut

96 1663 188 1718 diuum
201 1626 249 1731 tf,
263 1688 449 1725 notaretantum
464 1677 539 1726 voluit
559 1675 600 1724 ubi
614 1673 668 1723 finis
683 1675 843 1739 navigationis
856 1673 906 1723 fieri
921 1675 965 1725 de*

94 1725 174 1782 bebat.
208 1740 289 1787 Sermo
301 1741 366 1788 enim
377 1737 410 1787 est
421 1738 453 1787 de
462 1738 551 1788 casare
563 1735 659 1786 navibus
669 1751 699 1784 ex
712 1737 822 1801 Hispania
839 1736 964 1795 redeunte,

94 1793 122 1841 &
133 1793 201 1844 variae
210 1797 328 1850 sententia
339 1815 405 1851 erant
415 1801 454 1850 ubi
464 1803 505 1850 ille
516 1800 665 1850 commodius
676 1799 751 1861 pollet
761 1799 833 1847 finem
839 1799 963 1868 imponere
991 1846 993 1850 ,

93 1857 250 1922 navigationi.
278 1865 315 1912 sic
325 1864 422 1913 arbitror
434 1869 557 1926 antiquam
568 1866 594 1911 δι
607 1861 716 1910 omnium
725 1861 775 1910 fere
784 1875 856 1909 manu
866 1863 963 1930 scripto-

92 1931 148 1967 rum
159 1921 268 1974 codicum
278 1926 406 1975 lestionem
419 1924 515 1975 defendi
528 1916 673 1975 &constitui
690 1920 764 1988 poffe.
791 1925 866 1974 Vilior.
900 1926 962 1985 Qiiia

93 1982 171 2031 videri
183 1991 314 2036 commodam
323 2007 371 2036 eum
381 1993 439 2036 exire
445 1990 518 2052 prise]
533 1994 569 2037 lta
579 1988 640 2036 olim
649 1996 678 2034 ex
693 1985 786 2035 vetustis
796 1984 861 2034 libris
872 1985 963 2058 ieripfi·

92 2056 156 2096 mus.
188 2049 311 2100 Mediceus
331 2065 392 2100 certe
407 2056 471 2164 ogia
492 2051 579 2101 habet:
596 2063 668 2114 quare
687 2048 802 2103 mendum
817 2062 918 2098 omnmo
932 2053 961 2101 in

92 2107 205 2172 vulgata,
223 2116 248 2162 ἃ
259 2116 382 2164 communi
392 2114 416 2162 le
439 2116 495 2162 ione
504 2110 550 2162 effe
560 2112 716 2168 arbitramur,
733 2126 787 2160 cum
805 2124 929 2175 tantopere
944 2130 960 2163 a

90 2183 172 2220 vetere
190 2172 314 2228 dissentiat.
348 2179 396 2244 Qui
411 2177 515 2226 nostram
529 2190 580 2225 nort
600 2173 701 2240 probat,
725 2173 773 2239 ipse
788 2173 912 2222 meliorem
928 2191 959 2226 ex

89 2235 196 2298 antiquis
214 2237 315 2304 vestigiis
330 2254 402 2290 eruat.
428 2243 488 2288 idem
504 2244 527 2288 in
537 2239 612 2303 poster.
644 2239 680 2286 Sic
694 2239 720 2286 δι
734 2238 804 2301 egredi
818 2251 861 2301 pro
877 2253 891 2293 e
904 2242 960 2290 navi

90 2297 186 2360 egredi:
203 2303 297 2366 Virga.
313 2307 364 2354 AEn.

259 2365 338 2429 Egrqffi
352 2379 422 2430 optata
429 2371 545 2478 sotiantur
558 2369 623 2413 Trois
635 2380 707 2416 arma.

87 2427 128 2477 Sic
138 2426 234 2483 laeam
244 2430 330 2477 Graecis
345 2429 427 2480 descen
438 2444 464 2476 us
478 2444 492 2477 e
506 2429 574 2485 navi,
589 2441 615 2476 ut
630 2429 721 2477 notavit
732 2425 834 2477 Gisbert.
851 2431 972 2493 Capena·

87 2488 132 2541 lib.
141 2503 187 2540 111.
204 2488 299 2541 observ.
311 2506 391 2552 capa.
407 2506 479 2558 quem
489 2491 550 2543 vide.
566 2495 640 2540 σαν.

122 2569 161 2604 21.
177 2554 272 2613 Ferrefi
286 2557 341 2618 quid
351 2554 489 2614 ferendum]
509 2553 606 2604 Videtur
621 2550 749 2618 legendum
764 2587 771 2609 ‚
782 2552 804 2612 fi
817 2555 873 2617 quid
882 2554 958 2613 firm·

86 2618 143 2664 dum
155 2633 197 2662 non
207 2615 242 2675 est.
275 2622 443 2667 Verumtamen
453 2616 513 2666 nihil
524 2630 600 2668 muto.
616 2616 677 2665 hanc
687 2618 752 2664 enim
763 2629 820 2679 puto
832 2612 878 2664 esse
887 2615 955 2675 hujus

85 2681 138 2729 loci
153 2675 312 2738 stutentiam,
328 2679 424 2729 Interest
433 2693 511 2729 urnam
521 2680 601 2738 seraa,
632 2678 748 2726 uodvelis
758 2679 820 2726 nolis
831 2678 954 2731 ferendum

85 2741 141 2792 esta
159 2755 191 2789 an
202 2739 284 2805 probes
295 2743 361 2808 quod
371 2741 520 2808 probandum
534 2758 586 2791 non
659 2755 716 2789 nam
726 2739 786 2789 serre
800 2740 866 2805 quod
876 2741 957 2790 feren-

86 2805 148 2854 dum
158 2802 210 2860 est,
227 2803 301 2867 (verbi
311 2804 404 2871 gratia,
419 2804 486 2871 quod
496 2805 523 2854 fit
534 2821 549 2854 a
581 2803 753 2866 membribus,
774 2816 813 2852 aut
827 2807 933 2866 tyrannis
944 2839 955 2861 ,

84 2881 219 2931 eorumque
230 2868 323 2925 amicis,
339 2867 424 2927 iniuste
432 2868 541 2934 quidem,
600 2879 682 2915 contra
699 2864 802 2915 instituta
821 2869 953 2925 majorim,

86 2943 231 2980 nontamen
247 2929 423 2993 ignominiose,
439 2945 478 2980 aut
495 2926 689 2991 contumeliose‚)
705 2926 824 2993 prudentia
835 2929 881 2977 est:
896 2944 955 2993 pro-

86 2992 141 3044 bare
151 3007 208 3042 vero
219 2991 286 3056 quod
295 2992 443 3056 probandum
454 3009 505 3042 non
515 2992 562 3050 est,
578 2992 681 3057 improbi
695 2991 800 3040 hominis
810 2991 850 3040 est.
881 2995 954 3040 Porro

83 3071 165 3166 auter?
180 3054 242 3105 ferre
253 3055 320 3120 quod
330 3055 453 3107 ferendum
462 3055 570 3112 nonest,
585 3055 666 3121 ignavi
676 3057 702 3104 ἃ
712 3057 784 3118 turpis
795 3054 900 3102 bominis
910 3054 953 3106 esi.

84 3125 143 3168 Iam
156 3123 187 3170 in.

113 3200 153 3234 22.
171 3181 235 3240 Etfi
248 3184 304 3247 quid
316 3202 357 3232 non
367 3185 473 3247 proban?
493 3184 549 3249 quid
562 3185 619 3228 enim
630 3183 682 3241 jam
691 3181 736 3240 fcio
751 3193 825 3243 prater
841 3183 952 3228 initiare·

81 3253 152 3305 rum]
169 3251 206 3295 lta
220 3243 258 3294 hie
275 3247 340 3296 locus
355 3248 486 3311 concipitur
500 3249 526 3296 in
540 3244 650 3294 Palatinis
665 3240 774 3299 duobus,
790 3244 952 3301 Gruteriano,

81 3310 187 3359 editione
196 3308 274 3373 primi
287 3323 314 3357 ac
324 3311 429 3360 visioni.
447 3308 587 3358 Gulielmius
597 3321 627 3355 ex
638 3306 773 3364 comesturi
782 3303 876 3355 volebat
887 3324 895 3379 ⁵.
912 3306 950 3379 f'st

80 3375 169 3485 lilii
184 3389 226 3485 lli
238 3374 425 3501 {iiiiii
437 3368 782 3499 itisiu‘iilibiaii
791 3367 951 3498 iiiiii}

79 3514 161 3550 term.
194 3502 217 3549 G
246 3497 314 3550 hard.

843 3572 882 3613 ²³·
898 3561 951 3606 stn-
1047 3612 1058 3622 ,ι
1137 3578 1145 3593 2
