2310 3916
135 113 270 180 Lrnun
312 117 696 189 srxrusnncmns.
791 137 857 205 907¹

40 222 112 291 ptam
125 236 161 277 ne
174 219 229 296 ipse
243 220 354 300 quidem
369 220 447 279 facili
467 223 558 295 legere
577 222 670 296 soleo,
693 235 718 279 52
729 226 763 287 de
784 244 851 303 qua-

40 309 84 350 mo
107 295 223 356 Catone.
260 297 307 355 De
327 297 468 365 triclinio,
495 314 583 367 cura,
616 313 647 357 ut
666 302 740 361 facis.
778 302 851 361 Ter·

56 369 171 441 aderit,
203 372 291 431 modi>
321 392 358 433 ne
393 372 501 434 Publius
530 390 562 430 ro
582 388 639 433 atus
666 377 705 438 srt.
744 378 851 436 Deme·
911 374 916 389 ’

40 462 55 501 is
90 446 137 504 iste
172 467 325 525 numquam
359 450 478 508 omnino
510 391 655 512 Phaiereus
682 454 762 513 fuit:
802 454 849 513 sed

40 539 100 583 tunc
112 523 191 601 plane
211 525 329 585 Bilienus
349 525 396 586 est.
433 525 531 605 Itaque
548 538 578 586 te
599 528 636 588 do
656 528 798 590 vicarium.
817 541 851 597 tu

782 624 853 669 elim

40 723 119 776 erebus
128 727 229 792 quidem
241 742 306 778 anno
319 730 393 779 :etatis
410 725 684 793 duodequinquagefimo
699 725 780 778 obiiss'e
799 733 848 779 ca·

40 803 69 836 tm
80 788 174 848 scribit,
191 794 310 856 Appianus
324 807 390 856 paene
405 788 619 902 quinquagefimo‚
636 792 662 838 &
676 792 759 839 Florus
772 807 847 845 κιαι.

40 866 152 903 nannum
162 870 211 903 nou
223 855 293 905 refert
305 857 377 904 artatis
390 889 397 912 ‚
423 853 452 903 ed
467 866 551 902 morus
563 866 655 916 tempus
665 854 737 912 rejicit
755 855 780 907 in
791 871 851 907 ton·

40 930 86 962 :um
103 921 131 966 c.
151 916 245 966 cesaris
264 918 376 975 tertium,
399 920 424 967 ile
440 921 475 970 M.
492 914 595 980 Lepidi,
616 917 662 967 hoc
674 915 720 973 eil,
736 914 753 964 fi
769 917 851 969 Fastis

40 978 136 1027 itolinos
152 979 284 1045 sequimur,
305 996 394 1032 aunum
408 980 477 1031 Urbis
494 992 604 1029 nccvn.
626 975 693 1027 Drufi
708 979 851 1030 'tribunatus

41 1054 104 1089 anno
115 1045 226 1106 proximo
242 1057 297 1092 anre
312 1043 401 1093 bellum
418 1039 545 1091 Matsscum
566 1044 594 1089 L.
610 1042 704 1091 Marcio
721 1044 850 1109 Philippo,

54 1101 119 1167 Julic
136 1104 225 1157 Cusare
245 1110 303 1156 Cos.
325 1122 380 1156 ann.
399 1119 487 1154 ncnx.
508 1117 534 1152 ut
553 1104 579 1151 iu
600 1103 686 1154 eisdem
708 1105 779 1156 Fastis
795 1107 849 1165 este

40 1180 70 1213 »us
80 1167 168 1216 accedit
180 1170 301 1218 ciceronis
313 1169 437 1221 auctoritas
447 1171 472 1216 in
483 1167 524 1218 lib.
532 1181 564 1217 11.
580 1163 611 1215 de
625 1166 743 1233 Legibus,
760 1168 848 1222 Alton.

40 1231 185 1287 ¹utneliana,
202 1233 227 1279 δι
244 1231 295 1279 val.
308 1237 376 1283 Max,
387 1229 471 1281 lib.rx.
503 1230 614 1293 ltaquesr
630 1231 748 1293 fingamus
764 1247 849 1283 natum

40 1307 106 1343 >nem
117 1307 173 1344 aun.
185 1292 253 1343 Urbis
266 1307 375 1344 nccvrr.
397 1294 586 1357 quinquennium
601 1293 703 1357 explebit
718 1294 757 1344 die
772 1297 848 1347 natali

40 1369 150 1406 ncuxtr.
169 1358 194 1405 ile
216 1355 436 1421 quinquagesimum
451 1370 541 1405 annum
556 1353 594 1403 die
610 1356 683 1405 natali
700 1371 810 1412 nccvrr.
827 1358 847 1410 sr

40 1416 104 1466 sfuit
115 1431 170 1467 unte
180 1417 244 1466 diem
253 1422 358 1468 natalem
369 1421 417 1480 eius
435 1419 511 1474 anni,
527 1430 575 1465 etat
592 1431 709 1469 annorum
727 1434 810 1472 xnrx.
827 1422 847 1473 fi

50 1478 114 1529 diem
126 1482 230 1531 natalem
242 1497 269 1529 ea
279 1481 346 1547 gellit
358 1497 408 1549 quae
424 1479 557 1531 Plutarchus
573 1479 643 1530 refert
658 1482 683 1528 in
700 1482 768 1533 Dtust
779 1484 845 1539 Trib.

40 1579 45 1595 .
59 1543 145 1600 domo,
163 1543 298 1609 quadrimus
315 1549 379 1594 Cato
394 1559 422 1593 ea
438 1542 512 1609 geliic.
545 1542 615 1601 Quod
636 1541 653 1591 sa
671 1542 789 1609 fingamus
804 1563 849 1598 ua·

45 1619 100 1657 ann.
107 1606 161 1654 Urb.
171 1622 266 1659 nurrx.
280 1607 372 1657 facilius
382 1606 485 1657 dicemus
495 1607 521 1654 iu
529 1605 660 1658 Tribunatu
670 1611 777 1659 avunculi
787 1624 848 1675 qua·

40 1682 86 1718 rum
96 1667 181 1727 fuist,
197 1669 245 1721 save
258 1685 336 1736 ageret
352 1683 463 1735 quartum
478 1683 586 1725 annum,
601 1666 648 1718 five
664 1671 785 1722 excederet
802 1675 848 1723 ali·

40 1751 42 1780 :
58 1731 182 1787 menlibus.
199 1749 264 1783 mors
274 1733 426 1783 veroineidet
439 1735 464 1781 in
481 1746 578 1780 xurrx.
593 1733 722 1790 exustum,
739 1738 764 1785 &
779 1751 847 1800 paene

41 1793 202 1860 quagesimum
212 1796 358 1848 inchoatum.
375 1811 422 1861 qua
432 1795 523 1844 ratione
534 1795 616 1845 Florus
627 1798 652 1846 δι
660 1800 780 1860 Appianus
791 1813 847 1849 cum

40 1859 105 1907 ucho
121 1857 273 1910 consentient.
296 1859 335 1909 sed
347 1862 372 1909 lle
388 1860 482 1910 initium
497 1856 638 1907 Ttibunatus
654 1857 699 1906 fuit
720 1874 774 1909 ante
792 1860 847 1909 Idus

40 1920 118 1969 :mutis
128 1935 167 1970 an.
181 1937 280 1973 nccxt.
297 1923 382 1988 inquo
397 1920 523 1970 verisimile
538 1919 572 1969 est
590 1919 639 1970 hate
654 1934 707 1970 tum
724 1926 847 1974 Catonem

40 1982 67 2040 'e,
82 1984 136 2032 lieet
147 1983 171 2035 id
182 1987 314 2034 Plutarchus
324 2000 376 2034 non
385 1984 474 2035 scribac.
491 1984 566 2041 vrstn.

40 2064 52 2097 1.
68 2049 177 2112 Qemne
192 2050 333 2112 insequidem
348 2049 437 2104 facilel
460 2064 492 2094 ere
506 2048 588 2107 solen]
618 2051 647 2094 In
663 2061 728 2113 qua,
752 2050 849 2112 quoties

46 2110 137 2177 relegi,
153 2108 256 2161 haefitare
265 2113 291 2165 δι
300 2109 348 2181 ipse
357 2108 422 2161 mes
464 2144 471 2160 .
487 2109 552 2185 uncle
562 2107 625 2171 delet
637 2110 663 2159 ti
676 2113 741 2175 legere
751 2118 849 2166 Manut.

46 2177 141 2220 Gronov.

40 2270 52 2285 ,.
67 2240 103 2283 De
112 2237 226 2301 quadrimo
238 2243 330 2296 eatena]
345 2240 380 2287 Sic
391 2250 474 2285 omnes
485 2236 511 2284 ur
523 2235 614 2299 antiqui
624 2238 649 2285 δι
666 2234 768 2301 impreffi
779 2235 847 2286 codi·
934 2248 936 2255 ·

40 2297 125 2349 tabent.
158 2299 259 2365 Aliquos
269 2313 350 2349 tamen
365 2298 448 2350 scimus
459 2299 484 2344 de
497 2315 540 2362 qua
549 2302 619 2361 primo
638 2305 712 2346 catone
721 2299 846 2349 emendas·

40 2374 104 2423 parva
113 2364 214 2412 omuino
224 2363 332 2420 licentia,
348 2365 414 2411 unius
424 2361 471 2411 icil.
483 2374 578 2409 tantum
587 2361 671 2411 littetae
682 2359 846 2419 convetfione,

40 2438 69 2475 un
79 2421 193 2489 superiore
203 2422 310 2474 sermone
320 2425 472 2484 eoniuniium
483 2421 511 2472 fit
524 2424 570 2472 hoc
586 2421 721 2472 membrum
733 2439 739 2469 :
756 2422 786 2471 de
796 2439 845 2490 qua

42 2487 82 2536 ino
97 2485 278 2551 inteipofitione
292 2490 369 2553 ptimo
388 2491 484 2539 Catone
498 2485 621 2543 diximus,
642 2484 680 2534 seu
689 2485 778 2550 aliquid
793 2488 842 2536 tale

40 2549 56 2600 ii
73 2563 146 2601 entes.
167 2547 205 2598 sed
220 2553 277 2615 quia
296 2565 418 2615 nunquam
433 2550 516 2599 scimus
535 2551 604 2599 illum
625 2546 656 2599 fit
672 2547 798 2614 appellaile
812 2551 844 2599 li·

40 2566 88 2661 ufic
98 2613 225 2669 senellute,
234 2610 272 2663 sed
283 2613 330 2664 sem
360 2630 371 2663 r
383 2618 503 2662 Catonem
514 2614 642 2673 malotemt
658 2610 713 2661 ideo
722 2625 849 2679 receptam

40 2690 109 2725 nnetn
125 2691 279 2727 commovere
296 2629 415 2727 aulicum
440 2674 534 2725 sumus:
554 2677 616 2739 Quia
635 2680 717 2727 timen
735 2689 770 2723 res
791 2691 845 2726 non

40 2741 82 2789 ino
92 2738 268 2789 contemnenda
282 2738 329 2790 visa
343 2740 392 2796 est,
405 2739 524 2787 noluimus
538 2739 671 2803 praetetir'e,
694 2739 751 2802 quin
764 2738 842 2790 lelio-

40 2801 233 2860 admonetemus,
248 2800 372 2867 presertim
383 2817 437 2851 cum
446 2799 475 2849 sat
484 2801 551 2851 locus
561 2799 743 2857 obscurumne,
759 2803 785 2850 δι
795 2817 847 2853 nc·.

40 2867 109 2915 utiam
120 2864 206 2926 judicio
221 2881 272 2913 non
282 2882 366 2916 vacuus
381 2863 477 2914 mendo.
496 2866 575 2913 Vilior.
606 2869 678 2917 Extat
691 2865 717 2913 in
733 2864 843 2913 Palatino

42 2944 77 2985 o,
93 2930 181 2985 tertio,
198 2930 223 2979 ile
237 2926 343 2981 editione
358 2926 537 2993 antiquiffimiq
558 2934 593 2975 De
612 2944 656 2992 qua
666 2931 737 2990 primo
759 2934 840 2977 Carene.

40 2993 93 3042 iulii
104 3006 158 3041 eum
167 2994 279 3041 manneio
289 2993 312 3041 le
361 3006 387 3049 t,
402 2993 428 3038 de
438 3008 478 3054 quo
486 2987 556 3053 primi
567 3005 646 3049 caveto.
679 2990 744 3046 Alii,
759 2992 785 3038 de
792 2995 843 3054 pri·.

40 3065 107 3117 utine.
129 3069 174 3103 uos
187 3055 214 3103 in
228 3053 275 3104 hoc
289 3052 320 3104 ob
330 3053 447 3104 curilsrmo
465 3053 522 3101 loeo
533 3051 593 3102 nihil
609 3051 701 3105 adferre
710 3051 842 3114 adjumenti

40 3135 105 3231 miqs.
133 3116 250 3167 Palatinus
265 3116 340 3173 sentus
355 3117 445 3169 videtur
459 3112 567 3181 ptaeferrc
579 3117 605 3162 de
619 3118 741 3182 quadrimio
759 3123 841 3166 catone.

40 3199 49 3231 ι
92 3219 98 3234 0

41 3197 125 3295 filum
131 3244 195 3308 piane
205 3246 311 3295 Billienus
320 3244 368 3307 esi]
384 3242 475 3307 Dignus
485 3240 525 3291 suo
541 3242 641 3291 nomine
653 3258 659 3289 t
677 3241 736 3290 vitio
746 3240 840 3293 laborat

40 3342 42 3357 .
57 3310 119 3369 carius
129 3323 220 3356 nomen
235 3309 300 3373 gerit.
334 3305 430 3359 Videtur
444 3307 508 3355 enim
519 3307 603 3354 Graius
615 3305 692 3353 homo
706 3307 841 3355 Demetrius

40 3384 114 3418 omen
123 3368 224 3421 sumfilie
233 3370 340 3429 sulicini,
354 3368 420 3435 quod
429 3384 470 3433 per
480 3369 607 3421 Billieuum
619 3363 738 3434 quendam
748 3368 844 3420 liberta·

44 3430 340 3502 &sititctematcepiiicn
371 3434 532 3494 §EF-Gronov.

386 3498 496 3549 Mmma
738 3508 775 3552 54.
791 3489 845 3550 urst.
890 3549 894 3559 Ι
