2310 3916
229 118 299 206 858
339 120 453 192 Ernst.
474 134 526 189 nn
547 120 757 206 Consonus,
774 138 820 191 ur
841 132 1003 193 cernuos
1091 94 1097 151 .'

274 302 319 364 Μ.
338 304 378 366 Τ.
398 307 433 369 C.
467 307 546 369 IMP.
574 309 610 371 L.
629 308 816 382 PAULLO,
837 300 924 369 COS.
959 309 988 370 S.
1001 310 1033 371 P.
1045 307 1087 372 D:

238 457 442 567 MAxrnn
469 461 541 519 mihi
570 461 623 520 suit
644 472 771 549 optatum
793 422 907 520 Romae'
929 447 988 548 esse
1007 469 1120 532 tecum,
1152 483 1155 546 ς

329 538 428 596 multas
442 537 481 595 ob
494 536 602 607 causas,
621 538 667 597 sed
681 537 839 614 praecipue,
849 551 881 596 ut
895 539 926 596 δι
940 554 973 595 1n
987 539 1119 614 petendo,

239 612 271 671 δι
292 611 322 671 in
342 613 468 688 gerendo
488 613 631 674 consulatu
660 632 758 673 meum
779 613 829 673 tibi
845 613 979 673 debitum
1001 615 1118 674 studium

239 688 393 765 perspicere
407 687 503 765 posses.
543 690 589 765 Ac
602 692 744 767 petitionis
763 690 880 767 quidem
894 703 954 750 tuae
968 692 1043 751 ratio
1058 692 1118 751 mihi

88 794 103 835 ς
118 776 163 829 ,ποῖ
240 764 350 842 semper
364 767 417 825 fuit
430 767 586 841 explorata:
606 767 653 826 sed
665 780 780 828 ctamen
792 784 895 827 navare
908 784 1033 844 operam
1048 768 1115 828 vole·

32 862 36 869 ·
88 844 170 918 remig
242 839 316 901 bam.
356 843 389 903 In
403 844 547 903 consulatu
559 843 629 903 veri)
643 847 728 921 cupio
741 844 872 921 equidem
886 857 915 905 te
929 845 1029 905 minus
1041 846 1116 905 habe·

90 920 180 968 pun).
245 936 276 977 re
296 922 425 997 negotii:
453 921 499 981 sed
518 919 634 983 moleste
656 924 741 992 sero,
761 939 809 980 me
828 921 976 982 consulem
1005 922 1116 982 studuit

247 1007 329 1056 tuum
342 996 522 1057 adolescentis
534 992 693 1075 perspexisse
707 1017 716 1068 ;
736 1011 765 1058 te
780 1012 897 1068 meum,
918 997 987 1057 cum
1009 999 1041 1059 id
1061 1012 1115 1058 aett·

90 1076 109 1128 d
121 1075 147 1127 id
158 1077 214 1128 Viti.
243 1074 279 1132 tis
294 1072 363 1143 sun,
382 1075 534 1150 perspicere
548 1092 608 1134 non
621 1073 705 1150 posse.
740 1075 794 1135 Sed
807 1071 866 1134 dita
879 1077 941 1134 sato
954 1076 1113 1154 nescioquo

245 1148 389 1226 contigisse
402 1152 517 1211 arbitror
533 1190 543 1221 ,
561 1163 592 1210 ut
605 1153 655 1211 tibi
669 1152 705 1211 ad
718 1170 765 1211 me
779 1152 938 1211 ornandum
952 1150 1066 1229 semper
1076 1152 1115 1212 de·

243 1236 289 1286 tur
308 1227 446 1298 facultas3
475 1228 546 1287 milti
568 1229 605 1299 ad
633 1227 870 1289 remunerandum
889 1224 969 1287 ¹nihil
1005 1230 1117 1306 suppetat

242 1305 535 1381 praetervoluntatem.
556 1305 667 1366 Ornasti
680 1306 871 1376 consulatum,
885 1305 990 1367 ornasti
1004 1306 1113 1366 reditum

243 1394 351 1441 meum.
390 1383 491 1442 Incidit
510 1400 607 1442 meum
627 1394 737 1459 tempus
764 1398 857 1441 rerum
885 1383 1114 1458 gerendarumin
1154 1438 1155 1448 ,

241 1458 332 1534 ipsum
353 1459 525 1519 consulatum
552 1472 644 1520 tuum.
681 1462 783 1538 ltaque.
806 1459 872 1519 clim
894 1460 926 1519 ὅ(
945 1471 997 1520 tua
1016 1460 1115 1519 sumne

244 1533 425 1612 amplitudo,
452 1538 483 1595 δε
514 1536 660 1613 dignitas,
687 1539 718 1596 &
751 1554 830 1596 meus
863 1552 983 1612 magnus
1017 1538 1117 1605 honos,

247 1628 405 1691 magnaque
419 1614 585 1674 existimatio
600 1612 735 1690 postulare
750 1613 876 1675 videatur
892 1652 902 1682 ,
921 1625 954 1672 ut
977 1611 996 1671 a
1017 1626 1048 1672 te
1065 1613 1117 1689 plu·

94 1688 224 1765 chonon·
248 1691 325 1749 rimis
351 1691 442 1751 verbis
462 1690 633 1752 contendam
652 1706 685 1751 ac
704 1702 816 1768 petam,
834 1701 867 1749 ut
884 1688 975 1766 quam
990 1689 1117 1750 ‘honori

94 1753 217 1806 ficennffi·
248 1765 454 1827 sicentiffimum
484 1768 767 1829 senatus-consultum
789 1767 825 1826 de
853 1767 923 1824 meis
944 1767 1029 1826 rebus
1049 1765 1116 1844 gestit

94 1819 200 1870 mm·
247 1843 410 1904 faciendum
425 1863 518 1906 cures:
538 1863 599 1906 non
611 1845 703 1905 audeo
718 1846 901 1903 vehementer
921 1841 984 1901 ite
1008 1857 1116 1905 conten·
1135 1880 1138 1893 ·

247 1918 389 1990 de're,''ne
402 1934 450 1982 aut
463 1923 477 1981 i'
491 1923 518 1983 se
531 1933 589 1983 tuae
608 1934 750 2000 perpetuae
768 1919 974 1981 consuetudinis
996 1938 1063 1997 erga
1080 1934 1117 1979 me
1135 1948 1141 2003 ς

250 1997 351 2057 oblitus
366 1997 419 2058 esse
434 1942 544 2070 videar,
564 2010 654 2060 aut-te
668 1999 786 2059 oblitum
807 2010 914 2075 putem.
954 1999 1079 2072 Quare,
1094 2004 1117 2054 ut
1135 2012 1140 2067 ;

249 2085 288 2134 te·
302 2075 383 2134 'uelle
408 2075 547 2147 arbitror,
565 2077 605 2136 ita
631 2078 755 2136 saciamr
781 2087 865 2152 atque
892 2073 927 2131 ab
956 2091 1021 2144 eo,
1042 2090 1116 2152 quern

56 2160 61 2169 “
94 2159 122 2212 r.
137 2154 226 2208 cem.
251 2168 352 2211 omnes
366 2165 462 2228 gentes
474 2153 562 2213 sciunt
582 2153 617 2212 de
638 2151 815 2229 meoptime
836 2153 990 2220 meritum,
1008 2148 1117 2212 breviter
1154 2216 1155 2223 ἵ

286 2239 353 2288 tarn.
392 2230 419 2289 Si
435 2230 482 2291 alii
496 2229 619 2290 consules
633 2227 718 2289 essent
733 2273 741 2300 ‚
760 2229 796 2288 ad
810 2241 838 2288 te
850 2227 1027 2304 potissimum
1037 2225 1118 2299 ‚Paul-

259 2323 277 2365 e
291 2312 301 2376 ,'-
320 2306 479 2377 mitterem,
498 2318 530 2366 ut
543 2325 591 2367 eos
606 2309 676 2369 mihi
710 2306 777 2366 uim
790 2304 970 2364 amicissimos
991 2304 1118 2365 reddere

249 2398 326 2443 nunc
341 2425 349 2454 ,
369 2383 435 2443 cirrn
448 2395 497 2444 tua
509 2385 617 2444 summa
630 2326 747 2463 potesas
760 2426 769 2453 ,
783 2372 949 2458 summaque
962 2383 1118 2448 auctorne,

250 2466 376 2538 notaque
391 2463 521 2522 omnibus
534 2461 624 2521 nostra
637 2459 808 2536 necessitudo
822 2454 871 2529 st,
890 2458 1080 2519 vehementer
1095 2470 1117 2517 tt

98 2546 202 2612 squam
252 2553 341 2613 rogo,
360 2548 393 2598 ut
413 2540 444 2598 &
458 2537 560 2619 fquln
580 2535 855 2599 honorificentissime
875 2551 953 2594 curer
974 2536 1118 2596 decem'en·

100 2597 241 2681 altilem·
253 2612 322 2672 dum
337 2614 374 2674 de
387 2618 456 2675 meis
469 2616 548 2675 rebus
562 2612 657 2693 gestis,
678 2613 808 2693 &quim
829 2610 985 2673 celerrime.
1024 2614 1118 2690 Digna
1154 2630 1155 2636 ¹

100 2694 222 2768 gotho?
252 2696 294 2749 les
309 2686 507 2753 esseehonore
528 2694 558 2752 ὃ(
581 2688 782 2771 gratulatione,
801 2690 954 2766 cognosces
973 2708 1012 2750 ex
1035 2692 1068 2749 iis
1085 2688 1120 2747 lit·

100 2767 221 2818 norealii.
252 2767 334 2838 teris,
354 2771 421 2846 quas
435 2770 471 2828 ad
482 2780 528 2840 te,
549 2771 580 2829 ὃ(
593 2766 747 2848 collegam,
767 2768 936 2828 &senatum
950 2764 1121 2842 publicem·
1141 2766 1145 2781 '

251 2840 296 2904 si:
317 2848 505 2923 omniumque
518 2862 646 2906 mearum
666 2844 832 2923 reliquarum
853 2857 972 2912 rerunt,
994 2843 1144 2903 matrimes

186 2968 196 2989 .
253 2938 310 2998 que
324 2921 530 2985 existimationis
544 2942 618 2983 meae
631 2925 857 3001 procurationem
869 2920 1025 2996 susceptam
1046 2919 1123 2978 velint
1140 2928 1143 2935 '

252 2996 361 3060 habeas.
400 3001 434 3061 In
447 3002 595 3079 primisque
608 3003 656 3062 tibi
671 3018 746 3060 curae
759 3000 815 3079 sit,
855 2997 913 3058 uod
927 2998 975 3056 abs
989 3010 1020 3058 te
1039 2997 1124 3072 super·
1141 3060 1145 3075 Ι

253 3075 357 3138 ioribus
370 3092 485 3157 quoque
505 3079 600 3139 litteris
620 3079 730 3155 petivi,
749 3095 787 3136 ne
807 3078 848 3136 mi
868 3077 878 3134 i
898 3087 1013 3150 tempus
1033 3087 1124 3150 proto
1154 3125 1155 3132 ,

101 3163 230 3218 somnia·
252 3164 343 3230 getius
381 3157 521 3233 Cupio-ce
541 3155 683 3215 consulem
703 3153 822 3224 videre,
841 3151 1020 3228 lonniaque
1032 3152 1123 3228 spero,

100 3244 244 3361 ppfflewzgff
251 3229 328 3370 {suffe
347 3228 441 3296 absens
469 3245 532 3341 tum
553 3235 639 3294 etiarn
659 3232 778 3311 praesens
797 3268 808 3302 ,
826 3240 856 3291 te
876 3229 991 3291 consule
1016 3226 1122 3307 assequi

1041 3460 1121 3518 Hs·
