2310 3916
42 149 48 161 ,
109 80 113 85 ’
204 98 267 187 9'12
306 90 419 171 Error.
442 118 493 171 tn
512 91 685 195 Turonum
709 92 779 169 Lm.
801 92 1050 175 Semusnrend·
1087 100 1093 171 i

205 206 371 271 verecundia
391 191 521 271 videlicet
534 212 569 269 ’δε
602 193 815 306 properatione⁸
833 230 867 271 ea
878 224 911 271 tu
923 213 980 285 sme
993 212 1069 293 illem

119 314 141 339 -·.
206 286 328 355 tatione,
346 291 378 345 ui
391 299 484 357 erant,
503 286 539 346 ad
553 306 600 346 me
614 287 749 363 scripsisti,
769 290 800 347 &
814 288 939 349 maximb
960 289 993 347 de
1007 286 1068 348 coni
1094 295 1099 363 ζ

206 359 303 421 sulibus
317 360 371 420 defi
410 364 480 422 atis:
501 381 571 456 quos
587 382 641 440 ego
662 365 768 439 penitus
790 365 863 424 novi
882 364 1067 431 libidinum&
1093 382 1101 427 t

203 433 341 513 languoris
354 448 370 496 e
393 440 585 499 oeminat‘rffimi
595 440 680 499 animi
693 440 802 516 plenos:
823 442 874 516 qui
887 441 940 499 nist
951 439 969 499 i
982 442 1067 516 guber*-
1091 436 1100 525 ξ

112 580 115 587 ,
205 514 308 574 naculis
322 514 654 586 recessetint,maximum
668 517 702 575 ab
709 516 835 575 universo
849 517 996 591 naufragio
1007 517 1065 592 peti·
1095 538 1098 543 ·

60 583 136 646 flcio
150 589 304 657 &osculum
325 589 371 649 est.
409 591 570 651 Incredibile
591 592 652 661 est,
677 604 742 669 quae
761 585 898 667 ego'illos
920 591 1022 661 fscr0‚·
1096 554 1104 671 i

63 658 115 711 Ἦ*
208 666 300 799 positis
320 661 465 726 Gallorum
486 668 596 738 castris,
615 669 645 727 in
665 667 761 727 aestivn
782 662 893 737 fecisse,
912 611 1067 744 ⁶6quoslde
1098 692 1104 743 ς

219 754 296 812 atr0‚
315 742 365 802 nist
378 745 413 802 ali
433 743 481 803 uid
493 744 597 803 firmius
609 745 710 814 fuerit,
729 743 860 803 societate
874 742 1010 803 vitiorum
1030 745 1065 802 de·

209 817 295 903 liniet.
333 821 388 878 Res
402 763 439 879 ed
453 834 500 891 aut
527 821 675 880 tribuniciis
694 830 740 881 aut
761 820 871 895 privatis
886 819 1005 879 consiliis
1019 838 1067 878 mu
1090 838 1095 847 ·

208 895 317 953 menda.
356 897 431 955 Nam
449 894 491 955 isti
512 895 569 954 duo
588 898 636 954 vix
656 896 716 956 sunt
734 895 834 971 digni,
853 895 883 948 ⁶7
893 897 992 971 quibus
1005 896 1068 955 alteri

210 969 354 1031 Calenam
363 1014 379 1041 „
391 973 468 1031 alteri
474 969 695 1032 Cossutianarum.
707 973 883 1041 tabernarum
899 972 1068 1031 fundamenti

203 1042 312 1107 ‘'credas.
351 1046 416 1118 Te,
435 1060 467 1108 ut
486 1047 566 1117 diri,
585 1051 645 1108 fero
661 1049 754 1108 oculis.
792 1048 856 1122 Ego
877 1066 932 1106 vos
951 1066 978 1106 aa
992 1048 1068 1108 dtu

209 1122 319 1184 kalend.
331 1124 449 1194 videbo,
469 1124 584 1200 tuosque
600 1125 712 1195 oculos,
733 1125 816 1182 etiam
831 1123 851 1182 fi
864 1136 905 1185 te
924 1125 1069 1184 veniensiu
1094 1124 1108 1189 ’,ι

67 1200 194 1317 duffii:
214 1200 309 1261 medio
323 1202 387 1261 soro
401 1201 514 1270 videro,
533 1198 723 1262 ediffaviabor'.
759 1202 811 1259 Me
825 1208 901 1260 am'a.
938 1200 1020 1261 Vale.

107 1280 137 1316 v¹
177 1282 196 1319 t.

216 1337 326 1396 deberet,
339 1341 364 1388 in
381 1337 506 1404 primisque
519 1338 669 1395 hortantum
689 1350 716 1389 ut
731 1337 754 1388 se
770 1341 795 1388 in
811 1338 936 1390 scribendo
952 1336 1070 1389 maledlills

183 1464 185 1469 Ι
213 1399 347 1461 abstineret.
381 1402 499 1451 invehitur
514 1405 540 1451 iu
550 1401 656 1453 consulet
666 1397 799 1466 designatos
812 1436 819 1460 ‚
831 1403 921 1469 eosque
931 1418 1019 1470 magna
1028 1402 1069 1450 ve't·

213 1464 300 1515 borum
315 1466 460 1514 contumelia
475 1454 614 1530 perstringit.
648 1460 755 1533 nibitror
769 1477 849 1527 autern
872 1464 1009 1530 intelligere
1027 1479 1070 1513 eun

215 1530 321 1579 Hirtium
331 1542 357 1576 ac
368 1525 477 1576 Pansam:
492 1527 572 1576 multis
584 1527 630 1576 hoc'
646 1528 784 1588 eonjeilutis
799 1526 883 1576 duilus
902 1529 984 1578 credo.
1005 1526 1026 1576 se
1037 1534 1069 1575 rui

151 1598 155 1605 “
216 1595 268 1640 'tem
278 1589 395 1639 conscium
406 1588 453 1639 else
462 1590 518 1639 dicit
535 1589 615 1638 multis
630 1590 727 1638 illorum
743 1589 863 1640 sceleribus
882 1591 910 1640 ac'
928 1589 1071 1645 libidinibus,

216 1653 299 1719 quibus
309 1655 343 1702 ita
354 1653 427 1703 dediti
442 1667 508 1703 etant
523 1654 585 1702 utin
597 1653 707 1700 maximis
722 1654 828 1717 periculis
843 1656 885 1703 vix
900 1653 946 1702 fibi
967 1654 1070 1702 almuse
1101 1696 1104 1701 .

216 1728 348 1781 temperare
357 1713 464 1782 possent:
480 1715 527 1779 ipse
537 1717 602 1764 enim
611 1730 721 1765 urracum
730 1716 777 1765 illie
791 1717 817 1764 in
833 1717 918 1767 Gallia
928 1723 1013 1783 lmper.
1029 1721 1070 1765 ce·
1098 1720 1102 1727 '

217 1782 267 1829 iare
278 1781 426 1830 militaverat.
466 1782 577 1828 Viliorius.
790 1823 792 1829 ,

247 1851 285 1893 66.
301 1845 362 1903 Quos
376 1838 415 1891 ille
433 1836 507 1900 latre]
541 1841 674 1897 Antonium
694 1839 824 1903 intelligit,
840 1842 928 1889 eontra
951 1839 1023 1905 quem
1041 1837 1068 1890 illi

211 1902 305 1954 bellum
316 1906 400 1971 gesturi
409 1910 488 1953 erant:
504 1904 621 1953 existimat
631 1903 696 1951 euim
711 1905 812 1965 Quintus
828 1905 966 1951 Antonium
980 1903 1021 1952 nili
1035 1908 1068 1951 co*

172 2010 181 2021 ,
231 1969 258 2016 iis
270 1968 313 2017 suis
330 1966 461 2031 viribusque
471 1965 571 2016 confisus
581 1967 665 2021 fuerit,
680 1965 775 2015 allevia
786 1966 841 2014 illos
852 1963 1067 2029 aggreffurumeffe·

250 2034 333 2080 omnia
342 2032 459 2080 facturum
467 2044 492 2080 ut
503 2030 558 2079 illos
567 2029 610 2078 libi
619 2030 695 2091 placet
706 2062 713 2085 ‚
730 2030 791 2078 &in
804 2027 948 2077 sententiam
958 2028 1023 2079 suam
1032 2043 1070 2077 tm·

117 2110 122 2149 i
198 2093 302 2162 ducat,
317 2107 383 2158 putat
393 2109 449 2144 eum
457 2095 482 2156 id
494 2092 565 2142 facile
579 2089 755 2140 conseuttutum
770 2089 926 2140 fimilitudine
940 2093 995 2141 vitae
1012 2089 1070 2142 &s-

158 2214 161 2219 .
214 2156 300 2206 cietate
315 2158 435 2208 vitiorum.
467 2158 535 2206 Idem.

244 2226 282 2275 67.
299 2220 385 2283 Qibus
409 2220 475 2267 alteri
502 2218 601 2278 casendm
616 2251 624 2274 ,
640 2217 707 2264 alteri
734 2215 901 2278 cbffic'tidnaritm
927 2220 1070 2274 la‘beinarunl

154 2290 157 2299 ’
213 2280 331 2331 Omnibus
340 2282 434 2347 iniquus
446 2293 493 2329 erat
505 2281 605 2345 Quotus
615 2281 641 2329 be
653 2280 743 2328 nemini
753 2278 860 2344 parcebat
872 2313 880 2335 ,
897 2278 1031 2330 dummodo
1041 2283 1069 2327 iri

216 2342 259 2393 suae
270 2359 297 2393 ac
308 2345 382 2394 furori
393 2345 572 2407 obtemperaret.
603 2348 642 2391 De
652 2341 766 2392 ambobus
776 2343 824 2390 illis
834 2339 902 2392 eois.
916 2341 973 2394 deff.
986 2342 1069 2408 pessime

213 2403 340 2457 sentiebat:
357 2420 518 2456 verumtamen
529 2406 645 2470 quantum
654 2403 757 2470 suspicari
769 2402 904 2479 possumus,
914 2407 1015 2455 alterum
1026 2406 1070 2453 illo·

213 2482 266 2518 rum
285 2471 293 2517 i
312 2470 434 2519 naviorem
455 2470 638 2532 inertioremque
652 2470 728 2517 altero
743 2466 910 2517 existimabat:
938 2482 998 2518 nam
1013 2478 1071 2532 quem

211 2530 285 2596 aliqui
316 2531 408 2581 consilii
418 2530 503 2581 habere
513 2524 623 2595 putabet,v
638 2532 679 2579 vix
690 2530 789 2595 dignum
804 2527 851 2578 elle
866 2528 962 2580 dicebat
981 2534 1017 2580 cui
1030 2534 1072 2578 02²

210 2591 265 2644 serm
276 2597 470 2645 committeretur.
489 2594 601 2648 alterum,
618 2594 660 2657 qui
671 2589 947 2650 nulliusc'ousrliie'ffet,
965 2591 1003 2642 sed
1018 2591 1071 2658 peni-
1094 2650 1098 2657 1

210 2669 248 2714 tus
259 2658 347 2707 infirmi
357 2660 459 2723 ingenii,
476 2670 503 2704 ac
513 2655 753 2721 intemperantissime
766 2668 852 2703 nature
889 2658 930 2704 vix
942 2659 1006 2706 teile
1019 2651 1073 2722 pose

212 2719 328 2782 judicabat
353 2730 432 2768 curare
447 2717 604 2767 fundamento
630 2716 820 2767 Cossutianarum
841 2690 1002 2770 tabernirum.
1034 2717 1072 2767 mii

211 2782 274 2833 bunc
290 2785 371 2832 locum
386 2784 469 2846 procul
485 2780 556 2831 dubio
573 2795 711 2844 cottuptum
725 2778 771 2830 elle
787 2781 918 2838 dixerunt,
935 2783 1019 2844 quibus
1034 2796 1073 2829 non

212 2844 318 2896 accedo:
339 2847 436 2894 invenio
457 2846 522 2901 enim
543 2845 666 2908 vulgatam
688 2844 896 2908 hancleitionern
913 2847 983 2895 nulla
1004 2841 1074 2895 mendi

212 2906 254 2959 sus
264 2909 375 2958 icionein
386 2909 482 2971 optimis
495 2910 520 2956 br
531 2904 696 2970 antiquissimis
710 2905 781 2956 libris.
814 2912 872 2968 Qiae
886 2922 957 2956 mens
973 2908 1027 2957 edm
1039 2908 1075 2954 im-

246 2925 316 3028 fetit,
331 2983 357 3019 ut
368 2972 466 3046 pone'tet'
477 2970 576 3030 tesceiam
588 2985 631 3033 pto
641 2962 756 3032 ignobili,
773 2962 799 3018 dt
811 2969 911 3018 ob'scurd
924 2970 1076 3035 oppidomon

230 2987 245 3018 u

213 2974 285 3085 setlle
295 3034 437 3082 enuntiarim
450 3048 456 3080 :
472 3047 549 3095 neque
560 3047 653 3096 :equum
663 3029 708 3080 effe
723 3045 781 3096 puto
800 3031 831 3079 de
845 3032 1012 3092 huiuscemodi
1023 3032 1079 3081 rebus

215 3095 274 3161 quid
286 3095 369 3145 sentias
384 3093 523 3161 respondere
532 3096 593 3159 cogi.
627 3097 713 3143 Furore
724 3095 797 3142 animi
815 3098 841 3142 δι
859 3110 953 3161 magna
968 3095 1080 3160 asperitate·

216 3158 341 3208 uerborum
350 3159 418 3206 illum
429 3159 455 3205 in
464 3155 567 3220 epistolis
579 3154 668 3221 semper
679 3155 763 3214 usum,
777 3157 897 3221 prodente
912 3164 952 3210 M.
964 3161 1043 3209 l'tette
1056 3157 1080 3206 li⁴

222 3221 295 3286 quido
307 3218 427 3287 possumus
438 3217 562 3269 affirmare.
595 3221 665 3269 ldeme

348 3347 430 3401 11le
451 3346 682 3400 etlstonnuvm
698 3349 745 3396 At>
760 3338 973 3399 tertulinum&
