<?xml version="1.0" encoding="UTF-8"?>
<!DOCTYPE html PUBLIC "-//W3C//DTD XHTML 1.0 Transitional//EN"
    "http://www.w3.org/TR/xhtml1/DTD/xhtml1-transitional.dtd">
<html xmlns="http://www.w3.org/1999/xhtml" xml:lang="en" lang="en">
 <head>
  <title>
</title>
<meta http-equiv="Content-Type" content="text/html;charset=utf-8" />
  <meta name='ocr-system' content='tesseract 3.04.00' />
  <meta name='ocr-capabilities' content='ocr_page ocr_carea ocr_par ocr_line ocrx_word'/>
</head>
<body>
  <div class='ocr_page' id='page_1' title='image "./marcitulliicice05pedigoog_0011.png"; bbox 0 0 2310 3916; ppageno 0'>
   <div class='ocr_carea' id='block_1_1' title="bbox 236 189 1070 282">
    <p class='ocr_par' dir='ltr' id='par_1_1' title="bbox 236 189 1070 282">
     <span class='ocr_line' id='line_1_1' title="bbox 236 189 1070 282; baseline -0.004 -20"><span class='ocrx_word' id='word_1_1' title='bbox 236 217 297 282; x_wconf 85' lang='lat'>492</span> <span class='ocrx_word' id='word_1_2' title='bbox 341 195 454 262; x_wconf 84' lang='lat' dir='ltr'>Errsr.</span> <span class='ocrx_word' id='word_1_3' title='bbox 469 208 520 256; x_wconf 79' lang='lat' dir='ltr'>nn</span> <span class='ocrx_word' id='word_1_4' title='bbox 535 189 590 265; x_wconf 86' lang='grc' dir='ltr'>Μ,</span> <span class='ocrx_word' id='word_1_5' title='bbox 606 189 833 272; x_wconf 81' lang='lat' dir='ltr'>Vnuuourrr,</span> <span class='ocrx_word' id='word_1_6' title='bbox 855 207 899 258; x_wconf 78' lang='lat' dir='ltr'>ur</span> <span class='ocrx_word' id='word_1_7' title='bbox 914 205 1070 261; x_wconf 77' lang='lat' dir='ltr'>carenos</span> 
     </span>
    </p>
   </div>
   <div class='ocr_carea' id='block_1_2' title="bbox 82 290 1117 2199">
    <p class='ocr_par' dir='ltr' id='par_1_2' title="bbox 82 290 1117 2199">
     <span class='ocr_line' id='line_1_2' title="bbox 239 290 1117 369; baseline -0.002 -15"><span class='ocrx_word' id='word_1_8' title='bbox 239 313 275 355; x_wconf 85' lang='lat' dir='ltr'>ex</span> <span class='ocrx_word' id='word_1_9' title='bbox 297 295 399 355; x_wconf 90' lang='lat' dir='ltr'>eodem</span> <span class='ocrx_word' id='word_1_10' title='bbox 416 337 424 364; x_wconf 94' lang='lat'>,</span> <span class='ocrx_word' id='word_1_11' title='bbox 443 292 572 369; x_wconf 85' lang='lat' dir='ltr'>postridie</span> <span class='ocrx_word' id='word_1_12' title='bbox 591 304 620 352; x_wconf 90' lang='lat' dir='ltr'>te</span> <span class='ocrx_word' id='word_1_13' title='bbox 641 292 725 352; x_wconf 76' lang='lat' dir='ltr'>mand</span> <span class='ocrx_word' id='word_1_14' title='bbox 746 293 762 352; x_wconf 82' lang='grc' dir='ltr'>ὲ</span> <span class='ocrx_word' id='word_1_15' title='bbox 783 290 943 352; x_wconf 84' lang='lat' dir='ltr'>Tusculano</span> <span class='ocrx_word' id='word_1_16' title='bbox 964 295 1117 352; x_wconf 65' lang='lat' dir='ltr'>exiturum}</span> 
     </span>
     <span class='ocr_line' id='line_1_3' title="bbox 86 367 1116 447; baseline -0.008 -11"><span class='ocrx_word' id='word_1_17' title='bbox 86 383 206 437; x_wconf 75' lang='lat' dir='ltr'>tibiarti.</span> <span class='ocrx_word' id='word_1_18' title='bbox 242 372 280 430; x_wconf 83' lang='lat' dir='ltr'>At</span> <span class='ocrx_word' id='word_1_19' title='bbox 300 373 366 431; x_wconf 75' lang='lat' dir='ltr'>ttibi</span> <span class='ocrx_word' id='word_1_20' title='bbox 391 369 505 447; x_wconf 72' lang='lat' dir='ltr'>repente</span> <span class='ocrx_word' id='word_1_21' title='bbox 533 371 653 446; x_wconf 87' lang='lat' dir='ltr'>,paucis</span> <span class='ocrx_word' id='word_1_22' title='bbox 679 367 741 446; x_wconf 82' lang='lat' dir='ltr'>post</span> <span class='ocrx_word' id='word_1_23' title='bbox 767 369 885 440; x_wconf 88' lang='lat' dir='ltr'>diebus,</span> <span class='ocrx_word' id='word_1_24' title='bbox 910 368 975 428; x_wconf 80' lang='lat' dir='ltr'>cum</span> <span class='ocrx_word' id='word_1_25' title='bbox 995 370 1116 428; x_wconf 69' lang='lat' dir='ltr'>minime</span> 
     </span>
     <span class='ocr_line' id='line_1_4' title="bbox 242 444 1114 522; baseline -0.002 -16"><span class='ocrx_word' id='word_1_26' title='bbox 242 447 292 506; x_wconf 87' lang='lat' dir='ltr'>exs</span> <span class='ocrx_word' id='word_1_27' title='bbox 306 449 449 516; x_wconf 69' lang='lat' dir='ltr'>edtarem,</span> <span class='ocrx_word' id='word_1_28' title='bbox 476 448 554 505; x_wconf 88' lang='lat' dir='ltr'>venit</span> <span class='ocrx_word' id='word_1_29' title='bbox 574 445 610 505; x_wconf 87' lang='lat' dir='ltr'>ad</span> <span class='ocrx_word' id='word_1_30' title='bbox 632 464 679 505; x_wconf 88' lang='lat' dir='ltr'>me</span> <span class='ocrx_word' id='word_1_31' title='bbox 701 446 832 505; x_wconf 83' lang='lat' dir='ltr'>Caninius</span> <span class='ocrx_word' id='word_1_32' title='bbox 852 444 957 504; x_wconf 69' lang='lat' dir='ltr'>mand:</span> <span class='ocrx_word' id='word_1_33' title='bbox 977 445 1114 522; x_wconf 78' lang='lat' dir='ltr'>proficisci</span> 
     </span>
     <span class='ocr_line' id='line_1_5' title="bbox 86 467 1113 598; baseline -0.006 -12"><span class='ocrx_word' id='word_1_34' title='bbox 86 556 104 592; x_wconf 73' lang='lat' dir='ltr'><strong>v</strong></span> <span class='ocrx_word' id='word_1_35' title='bbox 120 540 143 591; x_wconf 73' lang='lat' dir='ltr'>se</span> <span class='ocrx_word' id='word_1_36' title='bbox 158 541 189 592; x_wconf 73' lang='lat' dir='ltr'>ad</span> <span class='ocrx_word' id='word_1_37' title='bbox 231 467 304 585; x_wconf 58' lang='lat' dir='ltr'>&#39;vad</span> <span class='ocrx_word' id='word_1_38' title='bbox 314 538 342 584; x_wconf 86' lang='lat' dir='ltr'>te</span> <span class='ocrx_word' id='word_1_39' title='bbox 356 524 445 583; x_wconf 89' lang='lat' dir='ltr'>statim</span> <span class='ocrx_word' id='word_1_40' title='bbox 460 522 535 581; x_wconf 84' lang='lat' dir='ltr'>dixit.</span> <span class='ocrx_word' id='word_1_41' title='bbox 562 521 610 580; x_wconf 88' lang='lat' dir='ltr'>etsr</span> <span class='ocrx_word' id='word_1_42' title='bbox 625 531 682 580; x_wconf 88' lang='lat' dir='ltr'>erat</span> <span class='ocrx_word' id='word_1_43' title='bbox 696 521 778 588; x_wconf 72' lang='grc' dir='ltr'><strong><em>ἕωλος</em></strong></span> <span class='ocrx_word' id='word_1_44' title='bbox 790 522 835 580; x_wconf 91' lang='lat' dir='ltr'>illa</span> <span class='ocrx_word' id='word_1_45' title='bbox 849 520 981 597; x_wconf 83' lang='lat' dir='ltr'>epistola,</span> <span class='ocrx_word' id='word_1_46' title='bbox 1000 521 1113 598; x_wconf 65' lang='lat' dir='ltr'>praeser-</span> 
     </span>
     <span class='ocr_line' id='line_1_6' title="bbox 86 597 1112 676; baseline -0.004 -16"><span class='ocrx_word' id='word_1_47' title='bbox 86 607 163 655; x_wconf 77' lang='lat' dir='ltr'>Lamb.</span> <span class='ocrx_word' id='word_1_48' title='bbox 241 601 292 659; x_wconf 90' lang='lat' dir='ltr'>tim</span> <span class='ocrx_word' id='word_1_49' title='bbox 312 601 416 661; x_wconf 62' lang='lat' dir='ltr'>*tantis</span> <span class='ocrx_word' id='word_1_50' title='bbox 429 597 522 676; x_wconf 76' lang='lat' dir='ltr'>postea</span> <span class='ocrx_word' id='word_1_51' title='bbox 537 599 617 656; x_wconf 86' lang='lat' dir='ltr'>novis</span> <span class='ocrx_word' id='word_1_52' title='bbox 631 598 709 656; x_wconf 88' lang='lat' dir='ltr'>rebus</span> <span class='ocrx_word' id='word_1_53' title='bbox 726 597 834 670; x_wconf 84' lang='lat' dir='ltr'>allatis,</span> <span class='ocrx_word' id='word_1_54' title='bbox 853 609 949 658; x_wconf 86' lang='lat' dir='ltr'>tamen</span> <span class='ocrx_word' id='word_1_55' title='bbox 963 599 1051 674; x_wconf 86' lang='lat' dir='ltr'>perire</span> <span class='ocrx_word' id='word_1_56' title='bbox 1067 598 1112 656; x_wconf 92' lang='lat' dir='ltr'>lu-</span> 
     </span>
     <span class='ocr_line' id='line_1_7' title="bbox 87 669 1111 750; baseline -0.003 -15"><span class='ocrx_word' id='word_1_57' title='bbox 87 683 105 717; x_wconf 77' lang='lat'>2‘</span> <span class='ocrx_word' id='word_1_58' title='bbox 124 671 168 715; x_wconf 65' lang='lat'>‘¹¹¹³&#39;</span> <span class='ocrx_word' id='word_1_59' title='bbox 176 680 214 742; x_wconf 67' lang='grc' dir='ltr'>,ῑθῑ</span> <span class='ocrx_word' id='word_1_60' title='bbox 241 677 432 736; x_wconf 89' lang='lat' dir='ltr'>cubrationem</span> <span class='ocrx_word' id='word_1_61' title='bbox 446 687 539 732; x_wconf 91' lang='lat' dir='ltr'>meam</span> <span class='ocrx_word' id='word_1_62' title='bbox 553 674 649 744; x_wconf 88' lang='lat' dir='ltr'>nolui,</span> <span class='ocrx_word' id='word_1_63' title='bbox 669 676 699 733; x_wconf 92' lang='lat'>&amp;</span> <span class='ocrx_word' id='word_1_64' title='bbox 713 678 777 733; x_wconf 87' lang='lat' dir='ltr'>eam&#39;</span> <span class='ocrx_word' id='word_1_65' title='bbox 789 674 874 750; x_wconf 83' lang='lat' dir='ltr'>ipsam</span> <span class='ocrx_word' id='word_1_66' title='bbox 895 674 1013 734; x_wconf 89' lang='lat' dir='ltr'>Caninio</span> <span class='ocrx_word' id='word_1_67' title='bbox 1028 669 1111 733; x_wconf 86' lang='lat' dir='ltr'>dedi:</span> 
     </span>
     <span class='ocr_line' id='line_1_8' title="bbox 86 732 1111 821; baseline -0.003 -9"><span class='ocrx_word' id='word_1_68' title='bbox 86 732 203 782; x_wconf 48' lang='grc' dir='ltr'>ΨΜ·</span> <span class='ocrx_word' id='word_1_69' title='bbox 239 752 286 813; x_wconf 89' lang='lat' dir='ltr'>sed</span> <span class='ocrx_word' id='word_1_70' title='bbox 300 771 365 811; x_wconf 91' lang='lat' dir='ltr'>cum</span> <span class='ocrx_word' id='word_1_71' title='bbox 381 771 416 810; x_wconf 89' lang='lat' dir='ltr'>eo</span> <span class='ocrx_word' id='word_1_72' title='bbox 432 793 440 820; x_wconf 94' lang='lat'>,</span> <span class='ocrx_word' id='word_1_73' title='bbox 456 762 491 808; x_wconf 64' lang='lat' dir='ltr'>&#39;ut</span> <span class='ocrx_word' id='word_1_74' title='bbox 505 767 571 808; x_wconf 91' lang='lat' dir='ltr'>curn</span> <span class='ocrx_word' id='word_1_75' title='bbox 584 751 701 809; x_wconf 88' lang='lat' dir='ltr'>homine</span> <span class='ocrx_word' id='word_1_76' title='bbox 715 749 800 810; x_wconf 75' lang='lat' dir='ltr'>docto</span> <span class='ocrx_word' id='word_1_77' title='bbox 816 793 824 821; x_wconf 90' lang='lat'>,</span> <span class='ocrx_word' id='word_1_78' title='bbox 845 752 876 810; x_wconf 90' lang='lat'>&amp;</span> <span class='ocrx_word' id='word_1_79' title='bbox 894 752 936 809; x_wconf 92' lang='lat' dir='ltr'>tui</span> <span class='ocrx_word' id='word_1_80' title='bbox 962 751 1111 809; x_wconf 78' lang='lat' dir='ltr'>amantissi-</span> 
     </span>
     <span class='ocr_line' id='line_1_9' title="bbox 239 824 1110 904; baseline -0.002 -16"><span class='ocrx_word' id='word_1_81' title='bbox 239 844 307 899; x_wconf 90' lang='lat' dir='ltr'>m0,</span> <span class='ocrx_word' id='word_1_82' title='bbox 326 829 434 888; x_wconf 90' lang='lat' dir='ltr'>locutus</span> <span class='ocrx_word' id='word_1_83' title='bbox 448 844 481 884; x_wconf 92' lang='lat' dir='ltr'>ea</span> <span class='ocrx_word' id='word_1_84' title='bbox 494 824 553 885; x_wconf 90' lang='lat' dir='ltr'>sum</span> <span class='ocrx_word' id='word_1_85' title='bbox 569 869 578 896; x_wconf 99' lang='lat'>,</span> <span class='ocrx_word' id='word_1_86' title='bbox 598 845 663 903; x_wconf 82' lang='lat' dir='ltr'>quae</span> <span class='ocrx_word' id='word_1_87' title='bbox 675 824 811 904; x_wconf 74' lang='lat' dir='ltr'>pertulisse</span> <span class='ocrx_word' id='word_1_88' title='bbox 823 827 901 885; x_wconf 93' lang='lat' dir='ltr'>illum</span> <span class='ocrx_word' id='word_1_89' title='bbox 922 827 957 885; x_wconf 88' lang='lat' dir='ltr'>ad</span> <span class='ocrx_word' id='word_1_90' title='bbox 976 838 1005 885; x_wconf 88' lang='lat' dir='ltr'>te</span> <span class='ocrx_word' id='word_1_91' title='bbox 1020 827 1110 886; x_wconf 86' lang='lat' dir='ltr'>existi-</span> 
     </span>
     <span class='ocr_line' id='line_1_10' title="bbox 237 901 1107 981; baseline -0.003 -16"><span class='ocrx_word' id='word_1_92' title='bbox 237 924 298 965; x_wconf 90' lang='lat' dir='ltr'>m0.</span> <span class='ocrx_word' id='word_1_93' title='bbox 336 904 405 962; x_wconf 86' lang='lat' dir='ltr'>Tibi</span> <span class='ocrx_word' id='word_1_94' title='bbox 425 914 519 962; x_wconf 90' lang='lat' dir='ltr'>autem</span> <span class='ocrx_word' id='word_1_95' title='bbox 532 902 608 962; x_wconf 90' lang='lat' dir='ltr'>idem</span> <span class='ocrx_word' id='word_1_96' title='bbox 623 901 728 962; x_wconf 85' lang='lat' dir='ltr'>confilii</span> <span class='ocrx_word' id='word_1_97' title='bbox 741 902 796 973; x_wconf 86' lang='lat' dir='ltr'>do,</span> <span class='ocrx_word' id='word_1_98' title='bbox 815 903 893 981; x_wconf 93' lang='lat' dir='ltr'>quod</span> <span class='ocrx_word' id='word_1_99' title='bbox 913 903 1107 979; x_wconf 84' lang='lat' dir='ltr'>mihimetipfi:</span> 
     </span>
     <span class='ocr_line' id='line_1_11' title="bbox 237 977 1108 1058; baseline -0.002 -19"><span class='ocrx_word' id='word_1_100' title='bbox 237 993 270 1039; x_wconf 93' lang='lat' dir='ltr'>ut</span> <span class='ocrx_word' id='word_1_101' title='bbox 291 981 410 1058; x_wconf 83' lang='lat' dir='ltr'>vitemus</span> <span class='ocrx_word' id='word_1_102' title='bbox 432 979 528 1037; x_wconf 87' lang='lat' dir='ltr'>oculos</span> <span class='ocrx_word' id='word_1_103' title='bbox 548 980 724 1050; x_wconf 89' lang='lat' dir='ltr'>hominum,</span> <span class='ocrx_word' id='word_1_104' title='bbox 751 977 773 1038; x_wconf 86' lang='lat' dir='ltr'>sr</span> <span class='ocrx_word' id='word_1_105' title='bbox 791 979 896 1057; x_wconf 86' lang='lat' dir='ltr'>linguas</span> <span class='ocrx_word' id='word_1_106' title='bbox 916 978 1006 1038; x_wconf 76' lang='lat' dir='ltr'>minias</span> <span class='ocrx_word' id='word_1_107' title='bbox 1027 978 1108 1037; x_wconf 75' lang='lat' dir='ltr'>facile</span> 
     </span>
     <span class='ocr_line' id='line_1_12' title="bbox 85 1050 1107 1132; baseline -0.001 -18"><span class='ocrx_word' id='word_1_108' title='bbox 85 1082 101 1132; x_wconf 87' lang='lat' dir='ltr'>y</span> <span class='ocrx_word' id='word_1_109' title='bbox 116 1069 159 1114; x_wconf 70' lang='lat' dir='ltr'>atti</span> <span class='ocrx_word' id='word_1_110' title='bbox 237 1056 396 1132; x_wconf 82' lang='lat' dir='ltr'>rpoflimus.</span> <span class='ocrx_word' id='word_1_111' title='bbox 435 1053 494 1132; x_wconf 87' lang='lat' dir='ltr'>Qui</span> <span class='ocrx_word' id='word_1_112' title='bbox 509 1056 584 1114; x_wconf 90' lang='lat' dir='ltr'>enim</span> <span class='ocrx_word' id='word_1_113' title='bbox 598 1055 714 1114; x_wconf 74' lang='lat' dir='ltr'>victoria</span> <span class='ocrx_word' id='word_1_114' title='bbox 732 1050 759 1114; x_wconf 90' lang='lat' dir='ltr'>se</span> <span class='ocrx_word' id='word_1_115' title='bbox 773 1053 910 1125; x_wconf 87' lang='lat' dir='ltr'>efferunt,</span> <span class='ocrx_word' id='word_1_116' title='bbox 929 1054 1003 1132; x_wconf 84' lang='lat' dir='ltr'>quast</span> <span class='ocrx_word' id='word_1_117' title='bbox 1017 1054 1107 1113; x_wconf 67' lang='lat' dir='ltr'>victos</span> 
     </span>
     <span class='ocr_line' id='line_1_13' title="bbox 84 1127 1106 1207; baseline -0.007 -11"><span class='ocrx_word' id='word_1_118' title='bbox 84 1127 212 1196; x_wconf 73' lang='lat' dir='ltr'>P⁰ff¹¹m¹¹⁵·</span> <span class='ocrx_word' id='word_1_119' title='bbox 237 1151 291 1193; x_wconf 88' lang='lat' dir='ltr'>nos</span> <span class='ocrx_word' id='word_1_120' title='bbox 316 1133 465 1192; x_wconf 83' lang='lat' dir='ltr'>intuentur.</span> <span class='ocrx_word' id='word_1_121' title='bbox 503 1133 563 1207; x_wconf 88' lang='lat' dir='ltr'>Qui</span> <span class='ocrx_word' id='word_1_122' title='bbox 597 1144 692 1191; x_wconf 89' lang='lat' dir='ltr'>autern</span> <span class='ocrx_word' id='word_1_123' title='bbox 718 1131 806 1190; x_wconf 70' lang='lat' dir='ltr'>victos</span> <span class='ocrx_word' id='word_1_124' title='bbox 831 1131 956 1191; x_wconf 71' lang='lat' dir='ltr'>²nostros</span> <span class='ocrx_word' id='word_1_125' title='bbox 991 1131 1106 1190; x_wconf 74' lang='lat' dir='ltr'>moleste</span> 
     </span>
     <span class='ocr_line' id='line_1_14' title="bbox 84 1190 1106 1305; baseline -0.001 -38"><span class='ocrx_word' id='word_1_126' title='bbox 84 1210 101 1244; x_wconf 77' lang='lat'>²</span> <span class='ocrx_word' id='word_1_127' title='bbox 115 1190 162 1305; x_wconf 57' lang='lat' dir='ltr'>‘fg‘</span> <span class='ocrx_word' id='word_1_128' title='bbox 182 1228 190 1239; x_wconf 93' lang='lat'>··</span> <span class='ocrx_word' id='word_1_129' title='bbox 238 1210 349 1279; x_wconf 88' lang='lat' dir='ltr'>ferunt,</span> <span class='ocrx_word' id='word_1_130' title='bbox 367 1226 418 1267; x_wconf 90' lang='lat' dir='ltr'>nos</span> <span class='ocrx_word' id='word_1_131' title='bbox 432 1207 528 1266; x_wconf 91' lang='lat' dir='ltr'>dolent</span> <span class='ocrx_word' id='word_1_132' title='bbox 542 1209 644 1267; x_wconf 88' lang='lat' dir='ltr'>vivere.</span> <span class='ocrx_word' id='word_1_133' title='bbox 683 1210 800 1284; x_wconf 87' lang='lat' dir='ltr'>Quaeres</span> <span class='ocrx_word' id='word_1_134' title='bbox 813 1202 940 1277; x_wconf 76' lang='lat' dir='ltr'>fortasse,</span> <span class='ocrx_word' id='word_1_135' title='bbox 960 1206 1106 1278; x_wconf 83' lang='lat' dir='ltr'>cur,cl1m</span> 
     </span>
     <span class='ocr_line' id='line_1_15' title="bbox 83 1269 1106 1368; baseline -0.002 -24"><span class='ocrx_word' id='word_1_136' title='bbox 83 1269 177 1368; x_wconf 57' lang='lat' dir='ltr'>{¹1}oe</span> <span class='ocrx_word' id='word_1_137' title='bbox 238 1284 300 1343; x_wconf 89' lang='lat' dir='ltr'>lraec</span> <span class='ocrx_word' id='word_1_138' title='bbox 314 1287 342 1344; x_wconf 92' lang='lat' dir='ltr'>in</span> <span class='ocrx_word' id='word_1_139' title='bbox 357 1285 423 1343; x_wconf 88' lang='lat' dir='ltr'>urbe</span> <span class='ocrx_word' id='word_1_140' title='bbox 437 1281 504 1353; x_wconf 88' lang='lat' dir='ltr'>lint,</span> <span class='ocrx_word' id='word_1_141' title='bbox 523 1302 582 1343; x_wconf 90' lang='lat' dir='ltr'>non</span> <span class='ocrx_word' id='word_1_142' title='bbox 596 1284 700 1352; x_wconf 84' lang='lat' dir='ltr'>absim,</span> <span class='ocrx_word' id='word_1_143' title='bbox 718 1283 958 1361; x_wconf 84' lang='lat' dir='ltr'>quemadmodum</span> <span class='ocrx_word' id='word_1_144' title='bbox 977 1296 1017 1342; x_wconf 88' lang='lat' dir='ltr'>tu.</span> <span class='ocrx_word' id='word_1_145' title='bbox 1056 1284 1106 1343; x_wconf 91' lang='lat' dir='ltr'>Tu</span> 
     </span>
     <span class='ocr_line' id='line_1_16' title="bbox 236 1360 1103 1439; baseline -0.001 -20"><span class='ocrx_word' id='word_1_146' title='bbox 236 1362 313 1421; x_wconf 89' lang='lat' dir='ltr'>enim</span> <span class='ocrx_word' id='word_1_147' title='bbox 347 1360 425 1439; x_wconf 89' lang='lat' dir='ltr'>ipse,</span> <span class='ocrx_word' id='word_1_148' title='bbox 458 1361 509 1438; x_wconf 83' lang='lat' dir='ltr'>qui</span> <span class='ocrx_word' id='word_1_149' title='bbox 533 1363 564 1420; x_wconf 88' lang='lat'>&amp;</span> <span class='ocrx_word' id='word_1_150' title='bbox 590 1379 637 1419; x_wconf 87' lang='lat' dir='ltr'>me</span> <span class='ocrx_word' id='word_1_151' title='bbox 669 1363 700 1420; x_wconf 73' lang='grc' dir='ltr'>δι</span> <span class='ocrx_word' id='word_1_152' title='bbox 727 1361 793 1419; x_wconf 83' lang='lat' dir='ltr'>alios</span> <span class='ocrx_word' id='word_1_153' title='bbox 818 1360 964 1436; x_wconf 86' lang='lat' dir='ltr'>prudentia</span> <span class='ocrx_word' id='word_1_154' title='bbox 990 1360 1103 1430; x_wconf 83' lang='lat' dir='ltr'>vineis,</span> 
     </span>
     <span class='ocr_line' id='line_1_17' title="bbox 84 1436 1106 1512; baseline -0.004 -14"><span class='ocrx_word' id='word_1_155' title='bbox 84 1449 159 1498; x_wconf 58' lang='lat' dir='ltr'>aaliz·</span> <span class='ocrx_word' id='word_1_156' title='bbox 237 1440 356 1508; x_wconf 86' lang='lat' dir='ltr'>omnia,</span> <span class='ocrx_word' id='word_1_157' title='bbox 376 1436 478 1506; x_wconf 89' lang='lat' dir='ltr'>credo,</span> <span class='ocrx_word' id='word_1_158' title='bbox 497 1436 602 1507; x_wconf 86' lang='lat' dir='ltr'>vidisti,</span> <span class='ocrx_word' id='word_1_159' title='bbox 622 1437 690 1497; x_wconf 88' lang='lat' dir='ltr'>nihil</span> <span class='ocrx_word' id='word_1_160' title='bbox 701 1450 730 1495; x_wconf 90' lang='lat' dir='ltr'>te</span> <span class='ocrx_word' id='word_1_161' title='bbox 744 1438 863 1497; x_wconf 89' lang='lat' dir='ltr'>omnino</span> <span class='ocrx_word' id='word_1_162' title='bbox 884 1436 999 1494; x_wconf 86' lang='lat' dir='ltr'>fefellit.¹</span> <span class='ocrx_word' id='word_1_163' title='bbox 1014 1437 1106 1512; x_wconf 76' lang='lat' dir='ltr'>²Quis</span> 
     </span>
     <span class='ocr_line' id='line_1_18' title="bbox 84 1509 1105 1589; baseline -0.004 -14"><span class='ocrx_word' id='word_1_164' title='bbox 84 1509 194 1584; x_wconf 58' lang='lat' dir='ltr'>‘1¹¹5thss</span> <span class='ocrx_word' id='word_1_165' title='bbox 237 1515 275 1573; x_wconf 87' lang='lat' dir='ltr'>est</span> <span class='ocrx_word' id='word_1_166' title='bbox 296 1527 354 1573; x_wconf 91' lang='lat' dir='ltr'>tam</span> <span class='ocrx_word' id='word_1_167' title='bbox 368 1513 537 1589; x_wconf 81' lang='lat' dir='ltr'>8Lynceus,</span> <span class='ocrx_word' id='word_1_168' title='bbox 557 1514 606 1589; x_wconf 89' lang='lat' dir='ltr'>qui</span> <span class='ocrx_word' id='word_1_169' title='bbox 620 1513 720 1571; x_wconf 79' lang='lat' dir='ltr'>btantis</span> <span class='ocrx_word' id='word_1_170' title='bbox 732 1514 850 1573; x_wconf 90' lang='lat' dir='ltr'>tenebris</span> <span class='ocrx_word' id='word_1_171' title='bbox 870 1513 938 1572; x_wconf 87' lang='lat' dir='ltr'>nihil</span> <span class='ocrx_word' id='word_1_172' title='bbox 957 1511 1105 1572; x_wconf 81' lang='lat' dir='ltr'>offendat?</span> 
     </span>
     <span class='ocr_line' id='line_1_19' title="bbox 83 1587 1104 1685; baseline -0.002 -37"><span class='ocrx_word' id='word_1_173' title='bbox 83 1588 145 1685; x_wconf 49' lang='grc' dir='ltr'>ἕῳ·</span> <span class='ocrx_word' id='word_1_174' title='bbox 155 1634 227 1683; x_wconf 80' lang='lat' dir='ltr'>tantis</span> <span class='ocrx_word' id='word_1_175' title='bbox 236 1587 369 1668; x_wconf 86' lang='lat' dir='ltr'>nusquam</span> <span class='ocrx_word' id='word_1_176' title='bbox 382 1587 527 1649; x_wconf 79' lang='lat' dir='ltr'>incurrat?</span> <span class='ocrx_word' id='word_1_177' title='bbox 554 1590 619 1647; x_wconf 88' lang='lat' dir='ltr'>cAc</span> <span class='ocrx_word' id='word_1_178' title='bbox 640 1588 708 1647; x_wconf 91' lang='lat' dir='ltr'>mihi</span> <span class='ocrx_word' id='word_1_179' title='bbox 722 1589 836 1664; x_wconf 87' lang='lat' dir='ltr'>quidem</span> <span class='ocrx_word' id='word_1_180' title='bbox 852 1588 912 1665; x_wconf 86' lang='lat' dir='ltr'>jam</span> <span class='ocrx_word' id='word_1_181' title='bbox 931 1588 1039 1664; x_wconf 90' lang='lat' dir='ltr'>pridem</span> <span class='ocrx_word' id='word_1_182' title='bbox 1054 1607 1104 1647; x_wconf 84' lang='lat' dir='ltr'>ue-</span> 
     </span>
     <span class='ocr_line' id='line_1_20' title="bbox 83 1651 1105 1749; baseline -0.004 -23"><span class='ocrx_word' id='word_1_183' title='bbox 83 1651 141 1749; x_wconf 54' lang='lat' dir='ltr'>Mm</span> <span class='ocrx_word' id='word_1_184' title='bbox 236 1668 277 1725; x_wconf 91' lang='lat' dir='ltr'>nit</span> <span class='ocrx_word' id='word_1_185' title='bbox 290 1669 319 1727; x_wconf 92' lang='lat' dir='ltr'>irr</span> <span class='ocrx_word' id='word_1_186' title='bbox 333 1679 475 1735; x_wconf 88' lang='lat' dir='ltr'>mentem,</span> <span class='ocrx_word' id='word_1_187' title='bbox 495 1665 597 1741; x_wconf 69' lang='lat' dir='ltr'>bellurn</span> <span class='ocrx_word' id='word_1_188' title='bbox 612 1662 665 1723; x_wconf 89' lang='lat' dir='ltr'>esse</span> <span class='ocrx_word' id='word_1_189' title='bbox 678 1663 771 1741; x_wconf 78' lang='lat' dir='ltr'>aliquo</span> <span class='ocrx_word' id='word_1_190' title='bbox 792 1666 866 1724; x_wconf 86' lang='lat' dir='ltr'>exire</span> <span class='ocrx_word' id='word_1_191' title='bbox 881 1708 890 1736; x_wconf 95' lang='lat'>,</span> <span class='ocrx_word' id='word_1_192' title='bbox 916 1676 948 1722; x_wconf 93' lang='lat' dir='ltr'>ut</span> <span class='ocrx_word' id='word_1_193' title='bbox 961 1682 1017 1734; x_wconf 87' lang='lat' dir='ltr'>ea,</span> <span class='ocrx_word' id='word_1_194' title='bbox 1037 1682 1105 1740; x_wconf 85' lang='lat' dir='ltr'>quae</span> 
     </span>
     <span class='ocr_line' id='line_1_21' title="bbox 82 1740 1107 1819; baseline -0.012 -9"><span class='ocrx_word' id='word_1_195' title='bbox 82 1775 99 1810; x_wconf 81' lang='lat' dir='ltr'>e</span> <span class='ocrx_word' id='word_1_196' title='bbox 113 1760 209 1813; x_wconf 73' lang='lat' dir='ltr'>Artas,</span> <span class='ocrx_word' id='word_1_197' title='bbox 236 1745 384 1819; x_wconf 85' lang='lat' dir='ltr'>agebantur</span> <span class='ocrx_word' id='word_1_198' title='bbox 395 1742 461 1813; x_wconf 83' lang='lat' dir='ltr'>hic,</span> <span class='ocrx_word' id='word_1_199' title='bbox 480 1760 600 1819; x_wconf 89' lang='lat' dir='ltr'>quaeque</span> <span class='ocrx_word' id='word_1_200' title='bbox 613 1742 795 1812; x_wconf 86' lang='lat' dir='ltr'>dicebantur,</span> <span class='ocrx_word' id='word_1_201' title='bbox 815 1758 869 1800; x_wconf 90' lang='lat' dir='ltr'>nec</span> <span class='ocrx_word' id='word_1_202' title='bbox 880 1740 1005 1800; x_wconf 84' lang='lat' dir='ltr'>viderem</span> <span class='ocrx_word' id='word_1_203' title='bbox 1020 1782 1030 1810; x_wconf 93' lang='lat'>,</span> <span class='ocrx_word' id='word_1_204' title='bbox 1048 1756 1107 1799; x_wconf 91' lang='lat' dir='ltr'>nec</span> 
     </span>
     <span class='ocr_line' id='line_1_22' title="bbox 235 1817 1103 1894; baseline -0.002 -17"><span class='ocrx_word' id='word_1_205' title='bbox 235 1819 369 1879; x_wconf 89' lang='lat' dir='ltr'>audirem.</span> <span class='ocrx_word' id='word_1_206' title='bbox 406 1819 460 1878; x_wconf 89' lang='lat' dir='ltr'>Sed</span> <span class='ocrx_word' id='word_1_207' title='bbox 479 1819 664 1878; x_wconf 85' lang='lat' dir='ltr'>calumniabar</span> <span class='ocrx_word' id='word_1_208' title='bbox 677 1817 739 1894; x_wconf 90' lang='lat' dir='ltr'>ipse.</span> <span class='ocrx_word' id='word_1_209' title='bbox 776 1817 905 1888; x_wconf 85' lang='lat' dir='ltr'>utabam,</span> <span class='ocrx_word' id='word_1_210' title='bbox 924 1817 974 1894; x_wconf 92' lang='lat' dir='ltr'>qui</span> <span class='ocrx_word' id='word_1_211' title='bbox 988 1817 1103 1876; x_wconf 85' lang='lat' dir='ltr'>obuiam</span> 
     </span>
     <span class='ocr_line' id='line_1_23' title="bbox 83 1890 1105 1973; baseline -0.008 -14"><span class='ocrx_word' id='word_1_212' title='bbox 83 1895 303 1962; x_wconf 77' lang='lat' dir='ltr'>r.cxxv11.mihi</span> <span class='ocrx_word' id='word_1_213' title='bbox 321 1891 454 1963; x_wconf 76' lang='lat' dir='ltr'>vertisset,</span> <span class='ocrx_word' id='word_1_214' title='bbox 472 1905 503 1952; x_wconf 90' lang='lat' dir='ltr'>ut</span> <span class='ocrx_word' id='word_1_215' title='bbox 523 1895 623 1971; x_wconf 88' lang='lat' dir='ltr'>cuique</span> <span class='ocrx_word' id='word_1_216' title='bbox 638 1912 735 1953; x_wconf 90' lang='lat' dir='ltr'>comm</span> <span class='ocrx_word' id='word_1_217' title='bbox 774 1912 824 1952; x_wconf 93' lang='lat' dir='ltr'>um</span> <span class='ocrx_word' id='word_1_218' title='bbox 845 1890 935 1962; x_wconf 82' lang='lat' dir='ltr'>effet;</span> <span class='ocrx_word' id='word_1_219' title='bbox 956 1891 1105 1973; x_wconf 78' lang='lat' dir='ltr'>suspicatu=</span> 
     </span>
     <span class='ocr_line' id='line_1_24' title="bbox 232 1968 1101 2058; baseline -0.003 -26"><span class='ocrx_word' id='word_1_220' title='bbox 232 1989 320 2042; x_wconf 87' lang='lat' dir='ltr'>rum,</span> <span class='ocrx_word' id='word_1_221' title='bbox 340 1983 388 2031; x_wconf 87' lang='lat' dir='ltr'>aut</span> <span class='ocrx_word' id='word_1_222' title='bbox 407 1969 568 2040; x_wconf 75' lang='lat' dir='ltr'>didumm,</span> <span class='ocrx_word' id='word_1_223' title='bbox 589 1970 672 2028; x_wconf 89' lang='lat' dir='ltr'>etiam</span> <span class='ocrx_word' id='word_1_224' title='bbox 694 1970 714 2030; x_wconf 89' lang='lat' dir='ltr'>fi</span> <span class='ocrx_word' id='word_1_225' title='bbox 738 1990 797 2030; x_wconf 91' lang='lat' dir='ltr'>non</span> <span class='ocrx_word' id='word_1_226' title='bbox 811 1970 990 2058; x_wconf 74' lang='lat' dir='ltr'>‘suspicaretur</span> <span class='ocrx_word' id='word_1_227' title='bbox 1004 1968 1101 2036; x_wconf 45' lang='lat' dir='ltr'>:.Hic·</span> 
     </span>
     <span class='ocr_line' id='line_1_25' title="bbox 232 2045 1102 2124; baseline 0 -18"><span class='ocrx_word' id='word_1_228' title='bbox 232 2060 280 2106; x_wconf 90' lang='lat' dir='ltr'>aut</span> <span class='ocrx_word' id='word_1_229' title='bbox 300 2048 424 2115; x_wconf 88' lang='lat' dir='ltr'>metuit,</span> <span class='ocrx_word' id='word_1_230' title='bbox 442 2047 472 2105; x_wconf 91' lang='lat'>&amp;</span> <span class='ocrx_word' id='word_1_231' title='bbox 493 2063 525 2104; x_wconf 89' lang='lat' dir='ltr'>ea</span> <span class='ocrx_word' id='word_1_232' title='bbox 546 2063 574 2103; x_wconf 90' lang='lat' dir='ltr'>re</span> <span class='ocrx_word' id='word_1_233' title='bbox 647 2047 689 2112; x_wconf 89' lang='lat' dir='ltr'>&#39;t;</span> <span class='ocrx_word' id='word_1_234' title='bbox 716 2060 763 2106; x_wconf 87' lang='lat' dir='ltr'>aut</span> <span class='ocrx_word' id='word_1_235' title='bbox 783 2045 884 2124; x_wconf 84' lang='lat' dir='ltr'>aliquid</span> <span class='ocrx_word' id='word_1_236' title='bbox 904 2046 1032 2122; x_wconf 83' lang='lat' dir='ltr'>cogitat,</span> <span class='ocrx_word' id='word_1_237' title='bbox 1070 2048 1102 2106; x_wconf 72' lang='grc' dir='ltr'>ὅτ</span> 
     </span>
     <span class='ocr_line' id='line_1_26' title="bbox 232 2120 1102 2199; baseline -0.001 -17"><span class='ocrx_word' id='word_1_238' title='bbox 232 2123 315 2182; x_wconf 86' lang='lat' dir='ltr'>habet</span> <span class='ocrx_word' id='word_1_239' title='bbox 328 2141 429 2182; x_wconf 86' lang='lat' dir='ltr'>navem</span> <span class='ocrx_word' id='word_1_240' title='bbox 450 2134 581 2196; x_wconf 85' lang='lat' dir='ltr'>paratam.</span> <span class='ocrx_word' id='word_1_241' title='bbox 649 2123 772 2199; x_wconf 83' lang='lat' dir='ltr'>cuique,</span> <span class='ocrx_word' id='word_1_242' title='bbox 797 2120 930 2183; x_wconf 73' lang='lat' dir='ltr'>leriffime</span> <span class='ocrx_word' id='word_1_243' title='bbox 947 2122 996 2199; x_wconf 87' lang='lat' dir='ltr'>qui</span> <span class='ocrx_word' id='word_1_244' title='bbox 1020 2121 1102 2197; x_wconf 88' lang='lat' dir='ltr'>sulpi-</span> 
     </span>
    </p>
   </div>
   <div class='ocr_carea' id='block_1_3' title="bbox 234 2194 1102 2333">
    <p class='ocr_par' dir='ltr' id='par_1_3' title="bbox 234 2194 1102 2333">
     <span class='ocr_line' id='line_1_27' title="bbox 234 2194 1102 2333; baseline 0.002 -76"><span class='ocrx_word' id='word_1_245' title='bbox 234 2211 365 2268; x_wconf 86' lang='lat' dir='ltr'>caretur‚</span> <span class='ocrx_word' id='word_1_246' title='bbox 390 2197 482 2333; x_wconf 47' lang='lat' dir='ltr'>&amp;affl</span> <span class='ocrx_word' id='word_1_247' title='bbox 500 2194 610 2256; x_wconf 81' lang='lat' dir='ltr'>fortasse</span> <span class='ocrx_word' id='word_1_248' title='bbox 641 2216 688 2257; x_wconf 89' lang='lat' dir='ltr'>me</span> <span class='ocrx_word' id='word_1_249' title='bbox 708 2198 815 2275; x_wconf 71' lang='lat' dir='ltr'>optime</span> <span class='ocrx_word' id='word_1_250' title='bbox 835 2195 974 2261; x_wconf 74' lang='lat' dir='ltr'>novisset:</span> <span class='ocrx_word' id='word_1_251' title='bbox 994 2209 1102 2274; x_wconf 88' lang='lat' dir='ltr'>putaret</span> 
     </span>
    </p>
   </div>
   <div class='ocr_carea' id='block_1_4' title="bbox 234 2273 1101 2352">
    <p class='ocr_par' dir='ltr' id='par_1_4' title="bbox 234 2273 1101 2352">
     <span class='ocr_line' id='line_1_28' title="bbox 234 2273 1101 2352; baseline 0 -18"><span class='ocrx_word' id='word_1_252' title='bbox 234 2293 283 2334; x_wconf 82' lang='lat' dir='ltr'>ine</span> <span class='ocrx_word' id='word_1_253' title='bbox 303 2275 406 2335; x_wconf 90' lang='lat' dir='ltr'>idcirco</span> <span class='ocrx_word' id='word_1_254' title='bbox 472 2273 587 2345; x_wconf 88' lang='lat' dir='ltr'>cedere,</span> <span class='ocrx_word' id='word_1_255' title='bbox 606 2274 684 2352; x_wconf 87' lang='lat' dir='ltr'>qubd</span> <span class='ocrx_word' id='word_1_256' title='bbox 709 2276 843 2352; x_wconf 89' lang='lat' dir='ltr'>quosdam</span> <span class='ocrx_word' id='word_1_257' title='bbox 869 2275 997 2334; x_wconf 84' lang='lat' dir='ltr'>homines</span> <span class='ocrx_word' id='word_1_258' title='bbox 1024 2275 1101 2334; x_wconf 91' lang='lat' dir='ltr'>oculi</span> 
     </span>
    </p>
   </div>
   <div class='ocr_carea' id='block_1_5' title="bbox 231 2347 1100 2495">
    <p class='ocr_par' dir='ltr' id='par_1_5' title="bbox 231 2347 1100 2495">
     <span class='ocr_line' id='line_1_29' title="bbox 232 2347 1100 2428; baseline 0 -18"><span class='ocrx_word' id='word_1_259' title='bbox 232 2352 293 2410; x_wconf 86' lang='lat' dir='ltr'>mei</span> <span class='ocrx_word' id='word_1_260' title='bbox 312 2352 383 2410; x_wconf 89' lang='lat' dir='ltr'>ferre</span> <span class='ocrx_word' id='word_1_261' title='bbox 403 2368 462 2411; x_wconf 92' lang='lat' dir='ltr'>non</span> <span class='ocrx_word' id='word_1_262' title='bbox 490 2347 606 2427; x_wconf 78' lang='lat' dir='ltr'>pulsent.</span> <span class='ocrx_word' id='word_1_263' title='bbox 643 2352 718 2411; x_wconf 87' lang='lat' dir='ltr'>Haec</span> <span class='ocrx_word' id='word_1_264' title='bbox 745 2370 798 2428; x_wconf 85' lang='lat' dir='ltr'>ego</span> <span class='ocrx_word' id='word_1_265' title='bbox 818 2351 951 2427; x_wconf 86' lang='lat' dir='ltr'>suspicans</span> <span class='ocrx_word' id='word_1_266' title='bbox 973 2393 983 2420; x_wconf 92' lang='lat'>,</span> <span class='ocrx_word' id='word_1_267' title='bbox 1008 2350 1100 2410; x_wconf 90' lang='lat' dir='ltr'>adhuc</span> 
     </span>
     <span class='ocr_line' id='line_1_30' title="bbox 231 2425 1100 2495; baseline -0.001 -8"><span class='ocrx_word' id='word_1_268' title='bbox 231 2428 336 2487; x_wconf 86' lang='lat' dir='ltr'>Romae</span> <span class='ocrx_word' id='word_1_269' title='bbox 357 2445 475 2488; x_wconf 88' lang='lat' dir='ltr'>maneo:</span> <span class='ocrx_word' id='word_1_270' title='bbox 496 2429 526 2486; x_wconf 70' lang='grc' dir='ltr'>δε</span> <span class='ocrx_word' id='word_1_271' title='bbox 539 2439 634 2488; x_wconf 85' lang='lat' dir='ltr'>tamen</span> <span class='ocrx_word' id='word_1_272' title='bbox 649 2427 799 2495; x_wconf 69' lang='grc' dir='ltr'><strong><em>λεληθίτως</em></strong></span> <span class='ocrx_word' id='word_1_273' title='bbox 817 2425 1011 2487; x_wconf 86' lang='lat' dir='ltr'>⁹consuetudo</span> <span class='ocrx_word' id='word_1_274' title='bbox 1025 2426 1100 2486; x_wconf 89' lang='lat' dir='ltr'>diur-</span> 
     </span>
    </p>
   </div>
   <div class='ocr_carea' id='block_1_6' title="bbox 230 2501 1100 2640">
    <p class='ocr_par' dir='ltr' id='par_1_6' title="bbox 230 2501 1100 2640">
     <span class='ocr_line' id='line_1_31' title="bbox 230 2501 1099 2582; baseline -0.001 -20"><span class='ocrx_word' id='word_1_275' title='bbox 230 2520 268 2563; x_wconf 88' lang='lat' dir='ltr'>na</span> <span class='ocrx_word' id='word_1_276' title='bbox 288 2505 387 2566; x_wconf 87' lang='lat' dir='ltr'>callum</span> <span class='ocrx_word' id='word_1_277' title='bbox 403 2506 464 2582; x_wconf 89' lang='lat' dir='ltr'>jam</span> <span class='ocrx_word' id='word_1_278' title='bbox 484 2503 601 2566; x_wconf 87' lang='lat' dir='ltr'>obduxit</span> <span class='ocrx_word' id='word_1_279' title='bbox 621 2504 766 2568; x_wconf 85' lang='lat' dir='ltr'>stomacho</span> <span class='ocrx_word' id='word_1_280' title='bbox 785 2522 863 2564; x_wconf 89' lang='lat' dir='ltr'>meo.</span> <span class='ocrx_word' id='word_1_281' title='bbox 899 2501 994 2564; x_wconf 84' lang='lat' dir='ltr'>Habes</span> <span class='ocrx_word' id='word_1_282' title='bbox 1013 2504 1099 2562; x_wconf 87' lang='lat' dir='ltr'>ratio-</span> 
     </span>
     <span class='ocr_line' id='line_1_32' title="bbox 1030 2598 1100 2640; baseline 0 0"><span class='ocrx_word' id='word_1_283' title='bbox 1030 2598 1100 2640; x_wconf 87' lang='lat' dir='ltr'>nem</span> 
     </span>
    </p>
   </div>
   <div class='ocr_carea' id='block_1_7' title="bbox 219 2748 1098 3512">
    <p class='ocr_par' dir='ltr' id='par_1_7' title="bbox 219 2748 1098 3252">
     <span class='ocr_line' id='line_1_33' title="bbox 260 2748 1098 2820; baseline -0.002 -18"><span class='ocrx_word' id='word_1_284' title='bbox 260 2760 283 2803; x_wconf 79' lang='lat' dir='ltr'>t.</span> <span class='ocrx_word' id='word_1_285' title='bbox 300 2755 413 2814; x_wconf 58' lang='lat' dir='ltr'>bracena]</span> <span class='ocrx_word' id='word_1_286' title='bbox 440 2753 544 2820; x_wconf 71' lang='lat' dir='ltr'>Dicitur,</span> <span class='ocrx_word' id='word_1_287' title='bbox 557 2767 584 2805; x_wconf 88' lang='lat' dir='ltr'>ut</span> <span class='ocrx_word' id='word_1_288' title='bbox 593 2751 648 2806; x_wconf 83' lang='lat' dir='ltr'>satis</span> <span class='ocrx_word' id='word_1_289' title='bbox 657 2768 743 2806; x_wconf 87' lang='lat' dir='ltr'>notum</span> <span class='ocrx_word' id='word_1_290' title='bbox 754 2750 802 2812; x_wconf 82' lang='lat' dir='ltr'>est,</span> <span class='ocrx_word' id='word_1_291' title='bbox 816 2749 848 2804; x_wconf 87' lang='lat' dir='ltr'>de</span> <span class='ocrx_word' id='word_1_292' title='bbox 859 2749 959 2803; x_wconf 82' lang='lat' dir='ltr'>homine</span> <span class='ocrx_word' id='word_1_293' title='bbox 969 2748 1098 2803; x_wconf 80' lang='lat' dir='ltr'>oculatissi-</span> 
     </span>
     <span class='ocr_line' id='line_1_34' title="bbox 229 2812 1097 2884; baseline -0.003 -18"><span class='ocrx_word' id='word_1_294' title='bbox 229 2827 287 2872; x_wconf 81' lang='lat' dir='ltr'>tuo,</span> <span class='ocrx_word' id='word_1_295' title='bbox 304 2818 330 2865; x_wconf 72' lang='grc' dir='ltr'>δι</span> <span class='ocrx_word' id='word_1_296' title='bbox 342 2815 400 2866; x_wconf 84' lang='lat' dir='ltr'>risus</span> <span class='ocrx_word' id='word_1_297' title='bbox 411 2815 608 2882; x_wconf 81' lang='lat' dir='ltr'>perspicaciffimi,</span> <span class='ocrx_word' id='word_1_298' title='bbox 624 2817 672 2869; x_wconf 83' lang='lat' dir='ltr'>ssve</span> <span class='ocrx_word' id='word_1_299' title='bbox 683 2819 800 2884; x_wconf 80' lang='lat' dir='ltr'>intelligas</span> <span class='ocrx_word' id='word_1_300' title='bbox 814 2818 845 2867; x_wconf 86' lang='lat' dir='ltr'>de</span> <span class='ocrx_word' id='word_1_301' title='bbox 858 2817 933 2865; x_wconf 82' lang='lat' dir='ltr'>oeulis</span> <span class='ocrx_word' id='word_1_302' title='bbox 943 2817 1047 2881; x_wconf 77' lang='lat' dir='ltr'>corporis</span> <span class='ocrx_word' id='word_1_303' title='bbox 1057 2812 1097 2863; x_wconf 87' lang='lat' dir='ltr'>seu</span> 
     </span>
     <span class='ocr_line' id='line_1_35' title="bbox 228 2871 1097 2942; baseline 0 -13"><span class='ocrx_word' id='word_1_304' title='bbox 228 2871 397 2942; x_wconf 64' lang='lat' dir='ltr'>dependentia</span> <span class='ocrx_word' id='word_1_305' title='bbox 415 2885 498 2930; x_wconf 82' lang='lat' dir='ltr'>Horat.</span> <span class='ocrx_word' id='word_1_306' title='bbox 506 2898 526 2930; x_wconf 87' lang='lat'>1.</span> <span class='ocrx_word' id='word_1_307' title='bbox 544 2886 590 2932; x_wconf 82' lang='lat' dir='ltr'>Sat.</span> <span class='ocrx_word' id='word_1_308' title='bbox 599 2897 631 2934; x_wconf 87' lang='lat'>11.</span> <span class='ocrx_word' id='word_1_309' title='bbox 646 2882 728 2940; x_wconf 63' lang='lat' dir='ltr'>pisae.</span> <span class='ocrx_word' id='word_1_310' title='bbox 745 2883 822 2931; x_wconf 83' lang='lat' dir='ltr'>Valet.</span> <span class='ocrx_word' id='word_1_311' title='bbox 833 2880 910 2930; x_wconf 81' lang='lat' dir='ltr'>Flacc.</span> <span class='ocrx_word' id='word_1_312' title='bbox 917 2879 958 2930; x_wconf 90' lang='lat' dir='ltr'>lib.</span> <span class='ocrx_word' id='word_1_313' title='bbox 966 2896 985 2929; x_wconf 87' lang='lat'>1.</span> <span class='ocrx_word' id='word_1_314' title='bbox 1003 2885 1097 2942; x_wconf 79' lang='lat' dir='ltr'>Argon.</span> 
     </span>
     <span class='ocr_line' id='line_1_36' title="bbox 230 2938 1097 3007; baseline -0.005 -16"><span class='ocrx_word' id='word_1_315' title='bbox 230 2938 257 2991; x_wconf 86' lang='lat'>&amp;</span> <span class='ocrx_word' id='word_1_316' title='bbox 267 2945 292 2990; x_wconf 85' lang='lat' dir='ltr'>N</span> <span class='ocrx_word' id='word_1_317' title='bbox 294 2943 383 2991; x_wconf 79' lang='lat' dir='ltr'>azarius</span> <span class='ocrx_word' id='word_1_318' title='bbox 392 2944 418 2991; x_wconf 88' lang='lat' dir='ltr'>in</span> <span class='ocrx_word' id='word_1_319' title='bbox 428 2946 512 3007; x_wconf 79' lang='lat' dir='ltr'>Paneg.</span> <span class='ocrx_word' id='word_1_320' title='bbox 529 2952 578 2995; x_wconf 83' lang='lat' dir='ltr'>Non</span> <span class='ocrx_word' id='word_1_321' title='bbox 591 2948 626 2992; x_wconf 83' lang='lat' dir='ltr'>hic</span> <span class='ocrx_word' id='word_1_322' title='bbox 639 2959 707 2992; x_wconf 68' lang='lat' dir='ltr'>terum</span> <span class='ocrx_word' id='word_1_323' title='bbox 718 2950 811 3004; x_wconf 79' lang='lat' dir='ltr'>Lynceus</span> <span class='ocrx_word' id='word_1_324' title='bbox 820 2944 859 2990; x_wconf 82' lang='lat' dir='ltr'>ille</span> <span class='ocrx_word' id='word_1_325' title='bbox 876 2955 962 2992; x_wconf 83' lang='lat' dir='ltr'>certaret</span> <span class='ocrx_word' id='word_1_326' title='bbox 973 2975 981 2999; x_wconf 93' lang='lat'>,</span> <span class='ocrx_word' id='word_1_327' title='bbox 996 2945 1036 3006; x_wconf 79' lang='lat' dir='ltr'>qui</span> <span class='ocrx_word' id='word_1_328' title='bbox 1046 2975 1053 2998; x_wconf 92' lang='lat'>,</span> <span class='ocrx_word' id='word_1_329' title='bbox 1070 2954 1097 2988; x_wconf 74' lang='lat' dir='ltr'>ut</span> 
     </span>
     <span class='ocr_line' id='line_1_37' title="bbox 223 3004 1097 3072; baseline 0 -22"><span class='ocrx_word' id='word_1_330' title='bbox 223 3012 289 3066; x_wconf 69' lang='lat' dir='ltr'>potu</span> <span class='ocrx_word' id='word_1_331' title='bbox 299 3004 375 3064; x_wconf 72' lang='lat' dir='ltr'>ferm</span> <span class='ocrx_word' id='word_1_332' title='bbox 385 3038 393 3060; x_wconf 88' lang='lat'>,</span> <span class='ocrx_word' id='word_1_333' title='bbox 404 3011 512 3067; x_wconf 76' lang='lat' dir='ltr'>parietum</span> <span class='ocrx_word' id='word_1_334' title='bbox 521 3009 598 3072; x_wconf 80' lang='lat' dir='ltr'>septa,</span> <span class='ocrx_word' id='word_1_335' title='bbox 613 3009 640 3063; x_wconf 60' lang='lat' dir='ltr'>(a</span> <span class='ocrx_word' id='word_1_336' title='bbox 650 3010 749 3056; x_wconf 74' lang='lat' dir='ltr'>arborum</span> <span class='ocrx_word' id='word_1_337' title='bbox 758 3020 841 3055; x_wconf 75' lang='lat' dir='ltr'>tmen</span> <span class='ocrx_word' id='word_1_338' title='bbox 849 3007 902 3067; x_wconf 58' lang='lat' dir='ltr'>vif»</span> <span class='ocrx_word' id='word_1_339' title='bbox 913 3005 982 3064; x_wconf 78' lang='lat' dir='ltr'>facile</span> <span class='ocrx_word' id='word_1_340' title='bbox 996 3007 1097 3065; x_wconf 67' lang='lat' dir='ltr'>trajicie-</span> 
     </span>
     <span class='ocr_line' id='line_1_38' title="bbox 227 3065 1096 3134; baseline 0.002 -22"><span class='ocrx_word' id='word_1_341' title='bbox 227 3065 277 3125; x_wconf 73' lang='lat' dir='ltr'>bat,</span> <span class='ocrx_word' id='word_1_342' title='bbox 292 3080 331 3116; x_wconf 73' lang='lat' dir='ltr'>m</span> <span class='ocrx_word' id='word_1_343' title='bbox 340 3069 406 3114; x_wconf 70' lang='lat' dir='ltr'>aim</span> <span class='ocrx_word' id='word_1_344' title='bbox 416 3069 466 3126; x_wconf 68' lang='lat' dir='ltr'>illa,</span> <span class='ocrx_word' id='word_1_345' title='bbox 482 3086 544 3134; x_wconf 77' lang='lat' dir='ltr'>qum</span> <span class='ocrx_word' id='word_1_346' title='bbox 553 3072 625 3118; x_wconf 74' lang='lat' dir='ltr'>eadem</span> <span class='ocrx_word' id='word_1_347' title='bbox 640 3072 731 3133; x_wconf 74' lang='lat' dir='ltr'>vetustas</span> <span class='ocrx_word' id='word_1_348' title='bbox 745 3073 815 3118; x_wconf 73' lang='lat' dir='ltr'>loma</span> <span class='ocrx_word' id='word_1_349' title='bbox 828 3068 871 3130; x_wconf 78' lang='lat' dir='ltr'>est,</span> <span class='ocrx_word' id='word_1_350' title='bbox 884 3084 932 3116; x_wconf 76' lang='lat' dir='ltr'>orm</span> <span class='ocrx_word' id='word_1_351' title='bbox 947 3071 972 3114; x_wconf 81' lang='lat' dir='ltr'>in</span> <span class='ocrx_word' id='word_1_352' title='bbox 986 3067 1096 3126; x_wconf 69' lang='lat' dir='ltr'>Siciliensi</span> 
     </span>
     <span class='ocr_line' id='line_1_39' title="bbox 219 3127 1096 3252; baseline 0.006 -78"><span class='ocrx_word' id='word_1_353' title='bbox 219 3127 308 3252; x_wconf 46' lang='lat' dir='ltr'>ffecula</span> <span class='ocrx_word' id='word_1_354' title='bbox 327 3147 363 3177; x_wconf 80' lang='lat' dir='ltr'>con</span> <span class='ocrx_word' id='word_1_355' title='bbox 382 3130 463 3192; x_wconf 80' lang='lat' dir='ltr'>itiffer,</span> <span class='ocrx_word' id='word_1_356' title='bbox 489 3132 603 3197; x_wconf 70' lang='lat' dir='ltr'>conspicari</span> <span class='ocrx_word' id='word_1_357' title='bbox 615 3135 707 3196; x_wconf 75' lang='lat' dir='ltr'>solitum</span> <span class='ocrx_word' id='word_1_358' title='bbox 725 3150 812 3190; x_wconf 80' lang='lat' dir='ltr'>naves,</span> <span class='ocrx_word' id='word_1_359' title='bbox 830 3147 876 3197; x_wconf 76' lang='lat' dir='ltr'>qu</span> <span class='ocrx_word' id='word_1_360' title='bbox 899 3129 988 3191; x_wconf 61' lang='lat' dir='ltr'>„Africa</span> <span class='ocrx_word' id='word_1_361' title='bbox 1007 3143 1096 3194; x_wconf 79' lang='lat' dir='ltr'>portum</span> 
     </span>
     <span class='ocr_line' id='line_1_40' title="bbox 237 3191 688 3245; baseline 0.011 -6"><span class='ocrx_word' id='word_1_362' title='bbox 237 3191 328 3241; x_wconf 74' lang='lat' dir='ltr'>abirent.</span> <span class='ocrx_word' id='word_1_363' title='bbox 375 3195 414 3242; x_wconf 77' lang='lat' dir='ltr'>.l².</span> <span class='ocrx_word' id='word_1_364' title='bbox 422 3197 529 3245; x_wconf 84' lang='lat' dir='ltr'>Gronov.</span> <span class='ocrx_word' id='word_1_365' title='bbox 685 3230 688 3236; x_wconf 42' lang='grc' dir='ltr'><em>ι</em></span> 
     </span>
    </p>

    <p class='ocr_par' dir='ltr' id='par_1_8' title="bbox 222 3253 1095 3512">
     <span class='ocr_line' id='line_1_41' title="bbox 256 3253 1095 3318; baseline -0.004 -15"><span class='ocrx_word' id='word_1_366' title='bbox 256 3270 280 3308; x_wconf 87' lang='lat'>9.</span> <span class='ocrx_word' id='word_1_367' title='bbox 298 3256 423 3315; x_wconf 73' lang='lat' dir='ltr'>Consuetudo</span> <span class='ocrx_word' id='word_1_368' title='bbox 432 3258 512 3303; x_wconf 76' lang='lat' dir='ltr'>diuma</span> <span class='ocrx_word' id='word_1_369' title='bbox 526 3258 606 3305; x_wconf 68' lang='lat' dir='ltr'>caum</span> <span class='ocrx_word' id='word_1_370' title='bbox 616 3260 667 3317; x_wconf 77' lang='lat' dir='ltr'>jam</span> <span class='ocrx_word' id='word_1_371' title='bbox 681 3259 726 3309; x_wconf 75' lang='lat' dir='ltr'>old.</span> <span class='ocrx_word' id='word_1_372' title='bbox 740 3257 817 3318; x_wconf 60' lang='lat' dir='ltr'>stema]</span> <span class='ocrx_word' id='word_1_373' title='bbox 832 3257 916 3305; x_wconf 75' lang='lat' dir='ltr'>Callum</span> <span class='ocrx_word' id='word_1_374' title='bbox 933 3253 1037 3313; x_wconf 64' lang='lat' dir='ltr'>obdurerffi</span> <span class='ocrx_word' id='word_1_375' title='bbox 1045 3254 1095 3312; x_wconf 75' lang='lat' dir='ltr'>sto·</span> 
     </span>
     <span class='ocr_line' id='line_1_42' title="bbox 224 3312 1094 3383; baseline 0.002 -20"><span class='ocrx_word' id='word_1_376' title='bbox 224 3315 324 3366; x_wconf 70' lang='lat' dir='ltr'>machufi</span> <span class='ocrx_word' id='word_1_377' title='bbox 342 3312 421 3367; x_wconf 76' lang='lat' dir='ltr'>nificat</span> <span class='ocrx_word' id='word_1_378' title='bbox 432 3332 531 3368; x_wconf 85' lang='lat' dir='ltr'>omnem</span> <span class='ocrx_word' id='word_1_379' title='bbox 540 3318 655 3371; x_wconf 85' lang='lat' dir='ltr'>stomachi</span> <span class='ocrx_word' id='word_1_380' title='bbox 668 3318 761 3373; x_wconf 80' lang='lat' dir='ltr'>sensum</span> <span class='ocrx_word' id='word_1_381' title='bbox 780 3322 806 3370; x_wconf 75' lang='grc' dir='ltr'>δι</span> <span class='ocrx_word' id='word_1_382' title='bbox 821 3316 941 3369; x_wconf 80' lang='lat' dir='ltr'>fastidium</span> <span class='ocrx_word' id='word_1_383' title='bbox 956 3314 1094 3383; x_wconf 61' lang='lat' dir='ltr'>perdididit,</span> 
     </span>
     <span class='ocr_line' id='line_1_43' title="bbox 223 3333 1094 3453; baseline 0.003 -26"><span class='ocrx_word' id='word_1_384' title='bbox 223 3377 260 3453; x_wconf 63' lang='lat' dir='ltr'>ita</span> <span class='ocrx_word' id='word_1_385' title='bbox 272 3391 298 3427; x_wconf 89' lang='lat' dir='ltr'>ut</span> <span class='ocrx_word' id='word_1_386' title='bbox 313 3333 343 3428; x_wconf 74' lang='lat' dir='ltr'>ad</span> <span class='ocrx_word' id='word_1_387' title='bbox 358 3378 450 3429; x_wconf 88' lang='lat' dir='ltr'>nullam</span> <span class='ocrx_word' id='word_1_388' title='bbox 466 3382 566 3446; x_wconf 78' lang='lat' dir='ltr'>amplius</span> <span class='ocrx_word' id='word_1_389' title='bbox 582 3397 633 3433; x_wconf 84' lang='lat' dir='ltr'>rem</span> <span class='ocrx_word' id='word_1_390' title='bbox 648 3382 799 3433; x_wconf 82' lang='lat' dir='ltr'>stomacheris</span> <span class='ocrx_word' id='word_1_391' title='bbox 813 3381 862 3432; x_wconf 82' lang='lat' dir='ltr'>live</span> <span class='ocrx_word' id='word_1_392' title='bbox 882 3380 1020 3446; x_wconf 76' lang='lat' dir='ltr'>indigueris.</span> <span class='ocrx_word' id='word_1_393' title='bbox 1051 3380 1094 3430; x_wconf 83' lang='lat' dir='ltr'>Est</span> 
     </span>
     <span class='ocr_line' id='line_1_44' title="bbox 222 3442 1093 3512; baseline 0.001 -22"><span class='ocrx_word' id='word_1_394' title='bbox 222 3442 438 3507; x_wconf 72' lang='lat' dir='ltr'>entmmerapbom</span> <span class='ocrx_word' id='word_1_395' title='bbox 452 3445 564 3493; x_wconf 84' lang='lat' dir='ltr'>translata</span> <span class='ocrx_word' id='word_1_396' title='bbox 581 3445 692 3504; x_wconf 85' lang='lat' dir='ltr'>acallo,</span> <span class='ocrx_word' id='word_1_397' title='bbox 714 3461 766 3512; x_wconf 75' lang='lat' dir='ltr'>quae</span> <span class='ocrx_word' id='word_1_398' title='bbox 787 3444 821 3494; x_wconf 83' lang='lat' dir='ltr'>est</span> <span class='ocrx_word' id='word_1_399' title='bbox 837 3460 892 3494; x_wconf 84' lang='lat' dir='ltr'>caro</span> <span class='ocrx_word' id='word_1_400' title='bbox 911 3446 945 3495; x_wconf 87' lang='lat' dir='ltr'>ita</span> <span class='ocrx_word' id='word_1_401' title='bbox 966 3442 1051 3494; x_wconf 81' lang='lat' dir='ltr'>durata</span> <span class='ocrx_word' id='word_1_402' title='bbox 1064 3456 1093 3492; x_wconf 86' lang='lat' dir='ltr'>ac</span> 
     </span>
    </p>
   </div>
   <div class='ocr_carea' id='block_1_8' title="bbox 220 3500 1095 3572">
    <p class='ocr_par' dir='ltr' id='par_1_9' title="bbox 220 3500 1095 3572">
     <span class='ocr_line' id='line_1_45' title="bbox 220 3500 1095 3572; baseline -0.005 -15"><span class='ocrx_word' id='word_1_403' title='bbox 220 3500 332 3565; x_wconf 64' lang='lat' dir='ltr'>omn,</span> <span class='ocrx_word' id='word_1_404' title='bbox 345 3518 370 3557; x_wconf 80' lang='lat' dir='ltr'>ut</span> <span class='ocrx_word' id='word_1_405' title='bbox 380 3500 471 3560; x_wconf 73' lang='lat' dir='ltr'>senaim</span> <span class='ocrx_word' id='word_1_406' title='bbox 481 3505 521 3561; x_wconf 73' lang='lat' dir='ltr'>vix</span> <span class='ocrx_word' id='word_1_407' title='bbox 533 3501 628 3562; x_wconf 68' lang='lat' dir='ltr'>toea.</span> <span class='ocrx_word' id='word_1_408' title='bbox 642 3506 684 3561; x_wconf 78' lang='lat' dir='ltr'>ub.</span> <span class='ocrx_word' id='word_1_409' title='bbox 692 3522 738 3562; x_wconf 84' lang='lat' dir='ltr'>m.</span> <span class='ocrx_word' id='word_1_410' title='bbox 755 3507 824 3563; x_wconf 77' lang='lat' dir='ltr'>tusc.</span> <span class='ocrx_word' id='word_1_411' title='bbox 834 3505 920 3572; x_wconf 74' lang='lat' dir='ltr'>ouaess.</span> <span class='ocrx_word' id='word_1_412' title='bbox 937 3510 1095 3560; x_wconf 67' lang='lat' dir='ltr'>oranaim</span> 
     </span>
    </p>
   </div>
   <div class='ocr_carea' id='block_1_9' title="bbox 1044 3574 1097 3619">
    <p class='ocr_par' dir='ltr' id='par_1_10' title="bbox 1044 3574 1097 3619">
     <span class='ocr_line' id='line_1_46' title="bbox 1044 3574 1097 3619; baseline 0.019 -2"><span class='ocrx_word' id='word_1_413' title='bbox 1044 3574 1097 3619; x_wconf 72' lang='lat' dir='ltr'>ani·</span> 
     </span>
    </p>
   </div>
   <div class='ocr_carea' id='block_1_10' title="bbox 0 0 1160 3916">
    <p class='ocr_par' dir='ltr' id='par_1_11' title="bbox 0 0 1160 3916">
     <span class='ocr_line' id='line_1_47' title="bbox 0 0 1160 3916; baseline 0 3"><span class='ocrx_word' id='word_1_414' title='bbox 0 0 1160 3916; x_wconf 95' lang='lat' dir='ltr'> </span> 
     </span>
    </p>
   </div>
  </div>
 </body>
</html>
