2310 3916
315 163 502 230 Lerna
543 162 765 236 Nouus.
918 175 978 263 '493

100 287 170 332 nem
192 274 251 332 mei
271 273 382 335 consilii.
422 273 489 333 Tibi
503 275 585 353 igitur
597 271 673 335 dhoc
688 276 788 338 censeo
802 296 809 335 ε
829 274 998 342 latendumd
1012 295 1125 352 altinae:

100 349 232 424 tantisper
250 349 377 422 ibidem,
400 350 504 410 ¹0dum
537 350 689 411 effervescit
721 355 783 411 haec
808 354 1064 430 gramatio,cenleo

101 424 135 482 &
154 424 232 484 limul
257 424 326 484 dum
359 428 525 499 audiamus,
551 428 793 505 quemadmodum
824 434 971 507 negotium
979 420 1116 503 ΜΨ·

102 501 264 573 confestum
283 501 324 562 fit.
344 503 507 564 consocium
528 507 604 563 enim
625 502 679 563 effe
700 505 834 565 existimo.
873 509 973 585 Magni

102 587 194 635 autern
214 578 353 650 intererit,
372 581 421 659 qui
440 580 523 638 fue‘rit
535 580 647 639 vicioris
666 582 796 653 animus,
816 584 865 659 qui
884 586 972 647 exitus

99 667 201 711 rerum.
220 672 392 733 quamquam
405 654 464 735 quo
478 675 527 719 me
547 656 707 733 conjecture
727 656 833 728 ducat,
852 659 967 722 habeo:

96 725 146 813 i'ed
165 729 293 806 exspolio
313 745 418 794 tamen.
456 732 503 793 Te
524 730 593 791 vero
614 733 708 802 nolo,
728 733 777 792 nisi
796 734 852 869 ifise
873 753 970 798 rumor

93 819 156 878 Jam
176 824 273 866 raucus
294 809 345 867 erit
367 810 477 880 nous,
504 808 540 867 ad
566 808 642 886 Bajas
663 811 768 868 venire.
833 811 866 869 rit
894 814 971 875 enim

96 881 177 940 nobis
196 883 351 955 honestius,
372 888 457 946 etiam
474 883 540 944 cum
559 886 626 944 hinc
646 883 864 957 discefferimus,
884 889 972 950 videri

97 955 202 1016 venilse
216 961 246 1017 in
259 958 303 1018 ssla
315 962 378 1021 loca
390 963 529 1039 ploratum
542 959 634 1037 potius
668 960 734 1021 uim
748 975 881 1022 natatum.
916 965 972 1028 Sed

94 1030 203 1119 haecnru
217 1036 337 1096 melius:
358 1037 447 1098 modo
469 1038 547 1097 nobis
566 1037 616 1096 stet
635 980 724 1107 iiiud',
745 1038 800 1098 uni
826 1041 921 1099 vivere
939 1043 970 1103 in

94 1106 186 1169 studus
200 1112 320 1182 nostris;
344 1115 394 1174 ¹¹31
435 1114 513 1173 uibus
532 1113 613 1172 antei
634 1114 849 1175 debellationem
878 1118 968 1179 modo
989 1119 992 1125 “

93 1185 272 1263 petebamus,
290 1208 365 1255 uuuc
379 1133 447 1252 veii
469 1188 554 1254 etiam
574 1189 712 1253 salutem:
731 1209 792 1252 non
813 1189 926 1262 decise.
946 1192 968 1254 fi

905 1287 967 1348 quis

89 1466 172 1513 animis
181 1467 286 1516 dirutum
297 1467 394 1532 cogitatio
411 1467 491 1514 callum
505 1464 619 1526 vetustatis
629 1468 751 1519 abduxerat.
768 1471 846 1517 Senec.
861 1465 962 1520 consol.

89 1527 121 1574 ad
132 1531 205 1580 Mart.
217 1544 237 1580 o.
249 1545 310 1580 vm.
336 1535 392 1578 Tam
408 1532 478 1592 iugens
493 1529 585 1589 tristitia
604 1534 693 1579 viderur
704 1547 755 1593 Jam
770 1531 852 1591 duatrffi
870 1533 960 1582 callum.

89 1589 270 1642 Vide&1’laut.
282 1591 371 1642 anna.
384 1606 494 1652 11,4,13.
517 1593 541 1652 J.
554 1597 580 1642 F.
593 1597 688 1644 Grenrv.
720 1593 771 1644 Lib.
785 1607 817 1643 11.
844 1591 960 1645 adArtie.

67 1682 73 1697 .
88 1662 171 1715 ep.16.
189 1661 256 1704 Lacus
266 1658 385 1704 illuuiem*
398 1672 423 1702 no
454 1657 464 1702 a·
474 1655 612 1715 stomachus,
631 1657 787 1704 attractata
807 1660 878 1712 alim,
892 1660 961 1704 eccul-

87 1717 139 1766 luit.
171 1720 287 1771 Omnium
300 1719 403 1789 eleganti
431 1722 669 1784 mesenec.ep.119.
690 1725 748 1776 At,
764 1720 800 1765 dii
809 1719 876 1775 irai,
892 1736 960 1784 quaer

82 1777 151 1836 fitcr‘le
165 1780 196 1840 est
211 1787 330 1844 extinguere
343 1783 406 1843 ſstim
418 1782 516 1842 sanam,
532 1782 571 1841 sed
590 1784 644 1844 quid
664 1783 745 1842 sentire
765 1781 846 1842 paffunt
861 1794 961 1833 emortua

82 1838 158 1899 fauces
173 1845 200 1896 dr
215 1847 317 1892 occullata
334 1846 386 1893 cibit
399 1845 529 1893 ardentibus.
563 1845 688 1894 Cetemm.
705 1841 896 1892 notissimumest
909 1842 959 1895 sto-

86 1904 199 1954 machum
213 1905 272 1956 sumi
282 1923 325 1972 pro
334 1905 472 1962 iracundia,
492 1917 518 1953 ur
533 1903 600 1969 supra
610 1906 679 1958 libr.
696 1921 733 1971 ep.
740 1922 761 1960 9.
782 1921 816 1957 ιι,
828 1920 865 1971 ep.
874 1921 909 1964 ¹5·
926 1907 958 1965 ad

85 1969 159 2018 Atrio
171 1962 241 2020 liij.
259 1985 273 2018 e
289 1987 325 2020 .r.
341 1975 435 2018 sueton.
443 1966 520 2016 Tiber.
529 1982 548 2019 c.
555 1982 608 2020 xxi.
625 1973 650 2019 bt
664 1983 719 2020 nix.
753 1975 823 2030 cuper.

118 2046 153 2080 ro.
171 2038 233 2080 Dum
254 1986 369 2094 adrevescr'r
389 2035 429 2079 her
445 2033 587 2096 gratulata]
602 2033 719 2082 stabilitur
745 2031 794 2080 hac
815 2030 957 2083 isidorianae

83 2089 195 2143 editionis
210 2096 282 2144 lediio
297 2096 345 2144 Pal.
362 2092 427 2144 sexto
441 2127 448 2150 ,
464 2095 616 2158 Hittorpiano
630 2129 638 2152 ,
652 2093 757 2146 editione
773 2093 883 2159 principe.
914 2101 957 2144 ln·

82 2157 156 2204 elinat
169 2158 286 2208 Palatinus
301 2159 407 2225 primun
428 2160 481 2204 dum
497 2161 537 2203 hac
549 2157 652 2221 fervescit
664 2161 791 2222 gratulatio.
814 2160 858 2206 erit
874 2170 955 2209 autem

81 2219 210 2281 effervescere
219 2221 276 2270 ficut
285 2224 384 2283 exsuuire
399 2221 482 2274 Livio,
498 2220 551 2267 aliis
561 2221 657 2278 eludere,
671 2234 792 2285 exparraet,
809 2219 848 2268 ubi
863 2218 954 2286 semper

81 2283 216 2346 prtpofitio
227 2284 300 2333 finem
314 2282 375 2333 ferre
388 2282 534 2347 intelligitur.
555 2283 630 2331 alias:
646 2286 698 2331 dum
713 2283 837 2344 defervescit
846 2286 888 2330 hut
899 2300 955 2346 gra·

80 2348 167 2398 talaria.
181 2350 386 2403 [Graviusramen
397 2345 528 2406 defervescit.
546 2348 571 2394 δι
582 2347 644 2397 reue
654 2344 771 2410 quidem]
785 2346 867 2410 paullo
882 2347 949 2410 posta

81 2408 130 2458 Pal.
142 2412 228 2474 primus
248 2407 459 2475 scriptruuhabe15
476 2412 499 2455 iu
515 2409 558 2455 illu
572 2410 619 2455 luca
628 2412 735 2472 ploratum
752 2413 824 2471 potius
842 2421 949 2460 nataturo.

79 2474 162 2521 Sextus
173 2488 241 2522 vero:
255 2476 363 2537 ploratum
376 2476 448 2538 patius
462 2483 558 2518 uatau:
574 2473 600 2519 in
615 2486 657 2520 ora
673 2472 743 2526 verb,
759 2473 871 2517 nuteruri:
888 2472 949 2523 mihi

78 2535 198 2599 elegantia
208 2536 329 2586 recondita
340 2550 390 2584 non
400 2549 441 2599 per
456 2531 567 2582 nebtdam
579 2568 587 2591 ,
602 2547 628 2583 ut
640 2535 744 2589 dienur,
758 2533 796 2583 lod
808 2547 881 2583 ‚mero
896 2536 948 2584 ela·

77 2612 131 2646 rore
140 2600 271 2664 promicare
282 2599 378 2649 videtur.
394 2597 500 2645 Gebhard.

110 2677 146 2713 11.
164 2668 192 2710 A
206 2664 353 2727 quibutuntea
362 2662 535 2716 ueletiaiaaem,
549 2661 610 2706 moda
622 2661 725 2722 salarium
736 2660 868 2722 petebamus,
884 2661 943 2722 dre.)

76 2724 113 2772 Sic
124 2738 180 2773 anto
189 2726 214 2772 in
224 2727 313 2774 cunetis
323 2724 424 2789 vulgaris
434 2721 560 2788 legebatur.
589 2725 666 2773 Miror
675 2724 736 2772 olim
746 2724 787 2786 qui
798 2721 827 2770 ab
838 2725 942 2788 antiquit

74 2785 194 2837 codicibus
206 2786 382 2854 descripsemnt,
398 2800 504 2851 apertum
516 2786 697 2860 elegantemque
713 2783 842 2834 admodum
860 2787 941 2838 locum

75 2866 126 2898 non
136 2849 293 2910 intellexiffe,
308 2855 333 2901 bt
344 2845 450 2902 maluiffe
460 2849 581 2898 nonnullis
591 2848 677 2898 additis
692 2847 833 2897 dictionibus
847 2845 941 2899 senten*

73 2917 135 2962 riam
145 2927 225 2964 totam
235 2917 396 2964 contaminare
406 2917 431 2963 δι
449 2910 589 2961 labefastare
599 2947 606 2969 ,
621 2925 695 2976 quam
704 2910 801 2975 planam
818 2915 843 2961 δε
859 2914 943 2975 genui·

74 2991 132 3024 narn
147 2975 217 3041 sequi.
251 2977 364 3027 Nostram
380 2976 510 3025 lestionem
526 2987 578 3024 tam
598 2973 700 3026 lucidam
721 2971 767 3022 elle
783 2973 942 3035 arbitramur,

73 3052 99 3087 ur
110 3039 170 3089 nihil
181 3056 234 3089 eam
244 3055 304 3106 opus
313 3037 342 3087 iit
352 3040 451 3103 amplius
463 3036 605 3089 confirmare.
637 3038 676 3086 llli
691 3050 737 3087 trec
751 3051 821 3085 voces
836 3037 940 3086 inmlea-

73 3115 174 3159 verant,
221 3104 303 3153 nuum
313 3101 354 3151 suo
368 3104 424 3150 loco
439 3113 564 3149 moverant
577 3133 584 3156 ,
599 3105 625 3150 δι
640 3099 680 3148 ubi
695 3100 796 3148 minime
809 3101 937 3148 convenie-

71 3163 132 3222 bat,
148 3166 186 3215 col
199 3180 308 3222 oemunt,
324 3163 432 3214 ordinem
443 3163 540 3212 duarum
549 3162 681 3213 didionmn
691 3175 852 3219 mutaverant,
866 3162 939 3212 adco-

71 3243 119 3292 que
128 3243 208 3278 totum
218 3231 280 3278 branc
290 3230 370 3277 locum
380 3239 542 3292 competant,
556 3239 583 3276 ut
593 3241 653 3293 aegre
661 3224 785 3274 ferendum
800 3224 827 3275 sat
843 3239 937 3276 tantum

71 3291 118 3340 eise
128 3294 163 3340 im
180 3296 292 3341 oritorum
301 3290 438 3346 audaciam,
453 3305 503 3354 quae
513 3291 594 3338 omnia
655 3288 752 3337 urbet&
762 3301 857 3340 cremat.
870 3293 937 3339 Nam

89 3369 145 3402 uam
158 3308 189 3404 iii
206 3355 245 3405 ida
260 3354 288 3403 fit
303 3352 436 3409 sententia,
452 3367 524 3417 quam
538 3367 569 3400 ex
583 3353 630 3400 ilis
646 3349 720 3401 verbis
737 3351 879 3409 eliciebant,
894 3355 936 3402 vix

68 3371 118 3467 dici
130 3371 213 3481 porei.
247 3418 345 3483 Optima
354 3417 498 3465 eruditorum
507 3416 602 3478 ingenia
612 3405 683 3463 faciie
698 3413 847 3478 cognoscent.
881 3418 935 3463 Nou

67 3481 212 3549 biennium
225 3482 300 3534 aliun
313 3479 421 3533 laborent
436 3477 600 3592 ¹³²sti¹²u³mfi’
617 3475 660 3532 oili
677 3478 736 3531 lum
750 3490 855 3529 aeonae
868 3479 938 3526 onim

129 3564 133 3573 ·
567 3560 576 3589 u
592 3557 605 3598 3
887 3551 943 3591 tall·

63 3708 70 3747 l
