2310 3916
156 158 159 162 ·
205 121 802 197 hirst-Tnnnusnsemos.
886 145 944 218 741
988 101 1021 191 f

70 231 207 306 semro,-
224 233 335 294 l'ocutus
348 232 408 294 sum
421 245 517 303 tecum
531 231 566 292 de
588 251 656 310 agro
676 235 803 313 vectigali
819 242 946 300 ι91111111-
964 250 969 255 ’

71 311 305 389 ciplilltellani,
324 312 373 388 qui
392 305 459 369 effer
478 310 508 369 in
528 308 640 370 Gallia:
662 316 838 390 'quantoque
858 320 945 392 opere

71 386 566 465 ejusmunicipiicausalaborarem,
585 386 635 445 tibi
649 386 763 449 ostendi.
783 390 846 449 Post
866 404 945 453 tuam
1045 400 1047 407 '

71 477 170 525 autem
191 463 420 541 profectionem,
452 460 517 521 cirm
545 464 575 521 &
596 465 718 523 maxima
737 482 779 524 res
800 470 945 546 municipii

69 539 259 607 honestiffimi,
290 540 435 616 'mihique
468 537 705 615 conjundtiffimi,
746 543 777 600 &
799 543 966 606 summumz
980 556 1068 624 mllriq.

69 635 171 677 meum
185 617 310 677 officium
322 628 465 694 ageretur,
484 634 536 692 pro
549 627 599 675 tuo
613 618 710 676 animo
723 618 751 676 in
766 637 813 677 me
826 620 1058 696 singula-conice

69 695 118 764 ri,
139 693 309 763 existimavi,
328 711 376 752 me
390 706 519 769 oportere
538 692 575 751 ad
587 704 616 750 te
635 692 783 753 accuratius
802 695 916 759 scribere
931 681 996 760 :suns
1006 685 1090 737 MS·

70 769 121 829 etfi
135 788 197 830 non
209 769 270 829 sum
284 768 406 840 nescius,
425 771 455 828 &
468 785 533 846 quae
545 778 706 844 temporum
720 771 790 830 ratio
804 814 814 841 ,
833 775 864 832 &
897 793 942 835 uae
966 779 990 825 r.
1001 779 1090 830 ccvi.

71 856 119 905 tua
133 846 250 923 potestas
270 845 302 904 srt
315 868 325 914 ;
345 846 449 922 tibique
462 846 608 921 negotium
622 846 718 905 datum
733 843 787 905 effe
801 846 817 906 a
832 849 867 908 C.
875 792 942 928 aar·

70 921 145 992 sare,
172 940 232 982 non
255 918 418 998 judicium,
437 920 566 997 praeclard
591 921 724 1000 intelligo.
761 926 857 1000 Quare
876 924 891 986 1
911 939 941 988 te
1045 996 1046 1003 ἵ

71 1009 183 1067 tannim
195 1011 280 1074 pete,
300 1010 436 1075 quantum
458 1000 488 1057 &
507 1009 536 1056 te
557 998 648 1058 facere
687 997 761 1069 offe,
781 1001 940 1065 &libenter

71 1090 136 1135 mea
156 1075 235 1135 causa
253 1075 391 1134 facturum
417 1070 471 1138 else
497 1073 620 1133 arbitror.
682 1085 693 1134 t
713 1075 832 1151 primitm
853 1081 938 1142 velim

69 1150 226 1222 existimes,
239 1151 324 1229 ·quod
343 1169 383 1210 res
404 1151 441 1210 est
457 1189 466 1220 ,
485 1150 630 1225 municipii
648 1151 771 1210 fortunas
791 1165 890 1215 omnes
909 1159 939 1219 in

68 1225 122 1287 isto
136 1227 265 1304 uectigali
278 1227 422 1297 consistere
435 1247 443 1286 ι
462 1226 503 1285 his
517 1239 612 1285 autem
624 1239 683 1286 tem
704 1229 795 1288 oribus
805 1230 861 1289 hoc
876 1250 939 1293 mu·

68 1303 205 1380 nicipium
219 1305 346 1364 maximis
360 1303 487 1363 oneribus
506 1298 648 1378 prelium,
674 1246 785 1364 AEmmis
805 1305 937 1370 affectum

68 1375 127 1439 effe
151 1380 359 1445 diffictdtatibus.
397 1381 465 1439 Hoc
486 1377 534 1438 etfi
555 1396 709 1439 commune
735 1381 862 1441 avidetur
882 1384 959 1445 elle²
974 1382 1056 1440 ε1111.

67 1473 136 1515 cum
150 1458 258 1516 multis:
277 1469 373 1516 tamen
393 1457 462 1514 mihi
482 1454 564 1513 crede
577 1454 721 1531 fingulares
740 1458 806 1517 huic
819 1446 1020 1523 muniet-0²³⁴·
1136 1464 1138 1469 ’

66 1533 119 1607 pio
140 1533 305 1593 calamitates
318 1528 452 1593 accidill'e.
471 1549 537 1609 quas
556 1531 660 1592 idcirco
681 1551 740 1591 non
761 1552 941 1599 commemo·
993 1548 995 1552 “
1034 1581 1043 1600 .

68 1625 122 1677 10,
142 1626 179 1669 ne
192 1608 227 1669 de
241 1610 352 1670 miseriis
365 1619 495 1668 meorum
516 1605 728 1668 netellariorum
749 1627 940 1689 conquerens,

66 1683 223 1756 homines,
243 1705 314 1764 quos
334 1687 427 1756 nolo,
446 1684 540 1744 videar
560 1683 712 1744 offendere.
751 1687 870 1765 ltaque,
889 1693 940 1751 nifi
1043 1730 1045 1733 -

67 1776 201 1838 magnam
211 1762 291 1838 ⁴spem
304 1763 451 1832 haberem,
472 1761 505 1818 C.
520 1760 620 1819 Caesari
633 1779 685 1820 nos
699 1762 805 1822 causam
820 1769 940 1826 munici-

66 1837 106 1913 pii
121 1838 306 1914 probaturos,
325 1857 384 1898 non
399 1851 454 1897 erat
469 1835 564 1907 caul'a,
584 1855 633 1896 cur
654 1836 668 1897 1
689 1850 718 1897 te
731 1839 787 1898 hoc
807 1851 936 1918 tempore

65 1913 171 1990 aliquid
184 1915 394 1974 contenderem.
420 1913 466 1973 sed
485 1914 550 1990 quia
571 1913 708 1984 confido,
728 1916 852 1993 mihique
872 1937 934 1994 per-

64 1988 151 2060 suasi,
171 1989 249 2064 illum
263 1991 442 2068 &dignitatis
456 1989 614 2060 municioii,
634 1993 664 2049 bt
678 1993 828 2068 aequitatis,
848 1999 932 2058 etiam
991 2043 993 2047 .

65 2066 217 2125 voluntatis
231 2084 293 2144 erga
306 2067 514 2137 se,habiturum
531 2049 584 2124 elie
598 2069 758 2127 rationem:
779 2069 844 2129 ided
864 2069 881 2130 a
902 2086 931 2133 te
1036 2086 1053 2109 ·

64 2159 126 2202 non
141 2142 264 2203 dubitavi
277 2143 463 2210 contendere,
482 2153 512 2200 ut
524 2141 595 2201 hanc
616 2144 723 2204 causam
743 2144 781 2204 illi
793 2147 928 2223 integram

64 2216 272 2282 bconservares·
307 2220 397 2296 Quod
410 2218 458 2278 etii
472 2217 678 2283 nihilomindsi
699 2232 728 2280 te
747 2232 889 2297 peterem,
908 2223 954 2285 fib
969 2228 1053 2284 resen.

64 2295 134 2353 nihil
148 2294 307 2357 audivillem
322 2308 350 2356 te
370 2295 425 2355 tale
445 2291 559 2354 feciffe:
579 2306 674 2354 tamen
695 2298 831 2373 majorem
851 2300 928 2377 spem
936 2295 1010 2366 Μ·
1023 2295 1039 2342 ff‘

62 2371 229 2446 impetrandi
244 2373 339 2434 nactus
352 2372 429 2441 lum,
449 2368 541 2446 posted
562 2369 646 2446 quim
668 2373 737 2432 mihi
756 2375 867 2434 didtum
882 2358 1018 2448 est,‘⁰'⁹‘²³·

61 2446 119 2509 hoc
140 2448 217 2506 idem
241 2450 257 2509 1
279 2462 308 2508 te
327 2447 494 2525 cRegienses
507 2444 697 2521 impetravisse.
717 2452 765 2526 qui
780 2451 828 2509 etsi
840 2465 868 2510 te
883 2453 951 2513 ali-c
966 2465 1045 2535 ltheg.

80 2542 117 2583 ua
131 2525 327 2586 netellitudine
343 2526 502 2600 attingunt:
523 2534 618 2582 tamen
637 2535 698 2582 tuus
718 2543 798 2585 amor
815 2528 845 2586 in
866 2529 986 2600 mendi·
1052 2549 1054 2552 ’

59 2541 169 2676 {reram
184 2598 252 2660 dme
267 2603 343 2679 cogit
364 2612 417 2670 tc,
436 2598 514 2676 quod
540 2599 593 2656 tuis
620 2599 769 2660 necessariis
788 2604 953 2676 tribueris,d
969 2625 1009 2659 me
1022 2610 1079 2672 rufi

58 2675 137 2744 idem
153 2671 206 2733 effe
219 2679 384 2738 tributurum
399 2679 482 2754 meis:
502 2674 650 2751 praesertim
664 2675 729 2735 tinn
748 2695 803 2754 ego
823 2697 875 2755 pro
887 2677 960 2742 hg.»
970 2675 1024 2722 MS.

59 2754 122 2812 unis
136 2764 230 2826 petam
246 2774 252 2813 :
273 2755 389 2813 habeam
404 2767 515 2821 autem,
536 2752 583 2828 qui
603 2751 682 2810 simili
696 2753 773 2812 causa
784 2754 928 2829 laborent,
944 2786 954 2798 ·»
1037 2778 1045 2791 “
1119 2766 1120 2770 ’

58 2828 219 2903 complures
232 2829 400 2889 necessarios.
439 2831 505 2888 Hoc
519 2846 566 2886 mc
580 2847 639 2887 non
653 2828 709 2887 sine
730 2829 807 2889 c'ausa
820 2834 929 2905 facere,

50 2907 154 2982 neque
167 2906 256 2981 aliqua
271 2906 327 2964 levi
339 2906 490 2965 ambitione
505 2916 683 2964 commotum
696 2904 713 2963 ‘a
733 2917 762 2964 te
774 2909 930 2968 contende·

58 2998 114 3053 re,
135 2980 184 3040 etfi
198 2994 226 3040 te
248 2981 400 3041 existimare
422 2984 552 3054 arbitror,
571 2993 666 3041 tamen
687 2982 756 3042 mihi
783 2984 938 3045 affirmanti¹

342 3092 344 3094 ν
872 3079 931 3120 cre-

76 3238 78 3243 *
92 3224 130 3262 19.
147 3213 267 3275 Municipii
277 3212 404 3268 Atellani]
420 3212 502 3258 ..nella
512 3209 556 3259 fuit
566 3211 647 3259 civitas
654 3210 791 3275 Campania
802 3210 881 3262 media
891 3212 928 3262 in·

61 3285 99 3320 tet
112 3275 220 3336 Capuam
228 3278 255 3324 br
267 3276 405 3339 Neapolim.
438 3278 516 3322 Locus
526 3275 546 3321 is
556 3273 627 3322 hodie
639 3275 664 3323 S.
675 3278 782 3336 Arpina,
796 3270 844 3324 live
854 3279 878 3325 S.
886 3279 928 3324 El·

58 3335 123 3399 pidia
133 3333 228 3393 dicitnr,
245 3336 285 3386 ubi
294 3339 395 3386 civitatis
406 3338 492 3385 veteris
504 3337 574 3385 ruina
593 3339 619 3385 δι
636 3334 732 3399 vestigia
742 3334 927 3402 conspiciuntur,

61 3395 190 3462 prasertim
199 3398 263 3449 fossae
274 3434 281 3456 ,
297 3415 348 3463 quae
360 3400 421 3448 olim
432 3399 525 3448 moenia
534 3398 666 3463 cingebant.
683 3413 708 3448 ut
718 3399 787 3448 docet
798 3401 928 3456 L.Holsse-
1003 3412 1005 3417 ’

60 3461 115 3515 aius
128 3474 211 3518 amor.
224 3462 334 3537 adclur.
345 3463 399 3521 ital.
411 3465 487 3528 antiq·
497 3471 581 3528 1116οι
599 3475 672 3528 ‘luem
682 3461 857 3579 ⁹³³⁵·G'T0'4·
869 3528 932 3587 cnjus
