2310 3916
256 135 335 215 706·
370 131 480 198 Ernst.
494 148 544 195 no
566 129 605 195 C.
623 131 782 201 Castrum
797 180 806 210 ,
826 151 870 199 er
885 152 1042 207 errectos

257 259 327 316 quae.
336 236 410 300 eitra
424 240 526 313 urbem¹
538 241 598 311 est,
618 255 778 307 commeatu
793 283 802 310 ,
828 260 898 318 aqua
919 242 1044 320 denique¹
1057 261 1117 319 pro-

258 317 416 377 hiberentur
435 318 517 389 nostri
536 318 652 377 milites:
672 335 724 377 nos
744 319 790 375 vir
801 317 851 392 ipfi
865 318 974 392 singulis
987 337 1053 378 cum
1070 339 1115 381 na·

164 439 171 452 .
205 438 213 453 .
258 394 365 468 vigiolis
391 395 582 469 reciperemur.
627 395 722 467 Quam
759 391 950 467 indignitatem
977 391 1114 455 ddimim

201 468 207 479 '
225 482 241 517 ι’
255 469 419 545 tionemque
434 469 593 546 majestatis,
604 485 665 527 non
677 467 763 527 solum
774 469 840 544 juris
853 469 954 540 nostri,
973 467 1020 528 sed
1034 471 1111 531 etiarn

180 565 188 579 ·
256 543 365 619 imperii
391 544 693 678 populiqueRomani,
706 543 809 602 idcirco
829 544 965 614 tulimus,
984 544 1063 679 qubd
1075 547 1112 605 in-

254 621 381 695 terceptis
405 622 485 679 'tterrr
504 636 711 695 cognoramus,
729 618 925 690 Dolabellam,
944 620 966 678 fi
1005 621 1113 696 esperas-

253 694 295 753 'set
310 695 346 765 de
368 696 443 772 Syria
460 695 659 772 AEgyptoque,
690 694 768 770 quod
786 692 892 753 necesse
914 708 974 754 erat
992 695 1069 767 fieri,
1086 699 1112 758 in

168 824 171 831 ,
254 788 338 829 nattes
352 788 417 829 cum
429 773 558 831 omnibus
571 771 627 829 luis·
640 769 787 829 latronibus
801 811 810 837 ,
829 784 911 846 atque
930 773 1013 831 omni
1034 791 1113 848 pecu·

254 848 300 904 nia
313 846 499 915 conscendere
516 843 569 904 elle
589 858 737 921 paratum,
756 846 916 922 Italiamque
936 859 1056 922 petere:
1074 849 1113 919 id·

253 923 329 980 circo
342 923 426 981 etiam
439 941 522 982 naves
536 922 692 990 onerarias,
711 939 828 998 quarum
847 924 941 981 minor
963 923 1038 983 nulla
1058 936 1111 982 erat

253 995 283 1036 ⁶²
291 996 379 1056 dudm
400 1000 517 1057 millium
529 998 726 1077 ampliorum,
753 997 919 1067 contractas,
938 999 968 1057 in
987 998 1079 1074 Lycia
1096 998 1110 1058 d

253 1069 333 1130 claffe
353 1075 418 1151 ejus
443 1074 567 1133 obsideri.
604 1074 695 1150 Hujus
715 1073 754 1130 rei
780 1074 881 1143 timore
901 1115 911 1143 ,
931 1085 1022 1150 patres
1047 1091 1113 1134 con·

254 1147 366 1223 scripti,
385 1151 519 1226 percitus,
537 1149 644 1225 injurias
664 1148 790 1224 perpeti,
809 1150 839 1206 δι
858 1167 924 1207 cum
946 1151 1113 1211 contumelia

258 1224 464 1284 etiam.⁸nostra
475 1227 571 1285 omnia
583 1223 653 1299 priio
666 1224 781 1300 experiri
794 1225 885 1283 malui.
905 1274 908 1279 ⁴
922 1224 1022 1301 Itaque
1036 1226 1071 1285 ad
1082 1226 1113 1283 il·

158 1345 166 1358 .
257 1294 350 1357 lorum
363 1301 533 1361 voluntatem
546 1298 715 1359 introduelus
728 1301 757 1358 in
771 1300 882 1369 urbem,
903 1301 933 1359 dc
947 1302 977 1361 in
989 1300 1112 1361 senatum

255 1391 372 1446 eorum,
383 1377 476 1453 :quam
494 1374 690 1452 diligentissime
711 1375 812 1450 potui,
831 1375 938 1441 causam
949 1378 997 1437 ,rei
1018 1377 1113 1437 ublicae

253 1452 321 1525 egi:
340 1452 547 1529 periculumque
567 1469 668 1520 omne,
686 1450 765 1583 quod
783 1450 913 1520 instaret,
938 1450 959 1509 fi
978 1453 988 1510 i
1009 1470 1026 1511 e
1043 1453 1111 1512 latro

253 1543 319 1584 cum
333 1529 459 1587 omnibus
467 1529 523 1587 suis
536 1544 619 1586 naues
633 1523 843 1596 contendisset,
857 1527 978 1602 exposui.
997 1525 1112 1587 ⁶3Rbo·

255 1602 316 1661 dios
334 1615 427 1662 autem
445 1616 520 1662 tanta
537 1604 566 1661 in
584 1603 715 1677 pravitate
740 1603 918 1661 animadverti
934 1644 943 1670 ,
962 1614 994 1662 ut
1014 1620 1112 1673 omnes

203 1700 207 1713 ·
254 1676 390 1737 firmiores
401 1691 543 1754 putarent,
561 1677 646 1755 quim
659 1679 770 1737 bonos:
789 1689 821 1735 ut
832 1679 910 1753 hanc*
931 1679 1110 1749 concordiam

257 1754 288 1810 8<
309 1755 536 1830 conspirationem
558 1755 685 1812 omnium
705 1752 832 1817 ordinum
853 1753 889 1812 ad
907 1752 1111 1816 defendendam

250 1827 428 1902 libertatem,
448 1828 579 1906 propense
598 1849 658 1888 non
679 1828 819 1888 crederent
839 1825 892 1887 else
920 1828 1023 1889 fastam
1045 1850 1053 1889 t
1080 1843 1110 1891 ut

253 1905 412 1979 patientiam
431 1906 558 1975 senatus,
578 1907 608 1964 dc
628 1904 727 1981 'optimi
746 1902 874 1980 cujusque
894 1921 1009 1963 manere
1027 1908 1110 1967 etiam

253 1996 340 2037 nunc*
355 1979 554 2050 confiderent,
586 1998 639 2039 nec
664 1977 780 2056 potuille
805 1979 904 2045 audere
938 1998 1110 2058 quemquam

253 2055 425 2114 Dolabellam
443 2057 550 2115 hostem
567 2056 711 2132 judicare:
730 2067 760 2113 ut
774 2055 838 2114 deni
857 2073 893 2114 ue
905 2058 1027 2127 omnia,
1045 2076 1110 2135 quar

108 2144 124 2195 f
135 2157 191 2194 vero
253 2129 372 2205 improbi
391 2131 557 2206 fingebant,
589 2131 673 2206 magis
693 2129 773 2189 fvera
799 2072 1005 2202 eridimarent,
1025 2133 1110 2209 quim

107 2213 161 2255 Mt·
254 2222 319 2281 quae
331 2205 396 2264 vere
408 2207 479 2266 sasla
492 2217 612 2277 terant,
631 2211 661 2264 ἃ
680 2205 697 2265 a
717 2207 794 2265 nobis
806 2205 1007 2267 hdocebantur.
1045 2213 1109 2285 Qua

108 2265 212 2377 ffiffffi
253 2292 347 2340 mente
362 2283 521 2343 etiam'ante
532 2283 655 2347 nostrum
668 2281 817 2345 adventum
837 2282 897 2358 post
917 2282 1057 2353 Trebonii
1069 2287 1110 2374 in·

107 2390 248 2443 bdiceban-
1071 2362 1109 2422 ὼ·

106 2467 144 2504 ⁸¹⁸¹
152 2459 223 2506 MSS.
276 2506 313 2546 σι.
329 2502 406 2545 Duum
415 2499 512 2546 millium
524 2501 690 2563 amphorarum]
705 2501 758 2547 Nos
767 2511 793 2547 ut
803 2495 889 2559 habent
898 2497 972 2562 prisca
982 2499 1105 2567 exempla·

244 2559 279 2609 ria
290 2574 325 2605 am
337 2563 411 2607 horum
424 2558 558 2636 scripsimus.
591 2564 674 2610 Graeco
688 2573 767 2609 autem
783 2558 878 2611 molera
896 2560 963 2608 resto
979 2564 1103 2625 aspernit,

247 2572 348 2670 secondo
356 2621 511 2672 multitudinis
521 2621 574 2672 casn
582 2624 705 2689 amphoram
715 2624 843 2672 inclinavit.
879 2623 959 2669 mor.
996 2654 999 2659 -

279 2692 317 2739 63.
331 2687 425 2751 ‘ilbodus
439 2698 510 2732 atttem
521 2698 582 2745 tanta
596 2689 620 2735 r'u
631 2689 740 2749 pravitate
756 2685 925 2742 animadverti]
944 2687 1005 2733 Non
1020 2683 1103 2734 dubito

246 2743 576 2809 deveritatehujuslestionis:
591 2762 664 2813 quum
674 2745 896 2812 superioreEpistold
905 2745 1005 2796 dixerit:
1022 2749 1103 2795 Eadm

241 2806 341 2872 fitperbt'ei
350 2813 374 2856 in
383 2813 495 2883 pravitate
509 2823 605 2858 utuntur.
634 2809 704 2859 Certe
720 2809 846 2884 agnoseunt
861 2808 929 2857 illam
943 2811 1056 2884 Vaticaui
1065 2823 1106 2858 ex·

246 2870 1066 3008 triturabat}tulisti-‘tlslilltssstili,d?
1057 2886 1106 2982 tt:

248 3011 326 3061 gatae,
340 2994 401 3042 rents
417 3000 583 3059 importunitate.
602 2996 754 3053 Gulielmius,
767 2993 832 3059 quod
845 2996 1011 3059 Htttorpianrre
1031 2995 1105 3045 oodex

249 3057 352 3107 nostram
361 3059 488 3107 terrionem
495 3058 602 3117 liaberet,
617 3057 725 3125 putabat,
741 3061 762 3104 t'n
770 3060 885 3121 pravitate.
903 3057 1050 3108 Paullbvero

248 3119 364 3178 malebat,
381 3125 431 3183 Pop.
441 3126 505 3186 Rom.
520 3122 579 3187 pens?
595 3138 635 3168 non
645 3121 754 3168 crederent.
771 3117 890 3169 Gebhard.
922 3119 987 3168 Mihi
1001 3135 1107 3170 maxime

248 3182 360 3246 probatur
369 3183 511 3234 Meneclium
520 3183 605 3234 codicis
615 3183 740 3249 scripura,
756 3189 804 3232 flac
810 3183 856 3241 five
865 3181 982 3241 timoress,
997 3196 1025 3230 ut
1040 3186 1104 3231 ditii-

184 3258 191 3277 ¹
249 3257 297 3291 rant
315 3247 340 3291 de
355 3250 431 3308 agris,
457 3264 508 3312 quos
523 3252 546 3295 itt
566 3249 678 3293 centlumti
692 3247 781 3303 babent,
797 3245 845 3304 five
855 3244 938 3304 sutor,
954 3245 1004 3303 srva
1016 3249 1108 3308 potentat

245 3317 368 3368 paucorum.
392 3312 450 3356 Sane
456 3313 550 3372 potentia
560 3307 648 3373 recepi,
661 3318 687 3354 nt
697 3320 752 3356 ante
763 3308 882 3356 Manutius
890 3306 980 3370 aliique
989 3304 1107 3364 secentur,

270 3369 358 3417 uamvis
368 3384 397 3419 ex
408 3371 504 3434 ingenio
514 3370 645 3437 profestum
660 3365 705 3421 esse
720 3369 886 3422 existimarent.
917 3373 1035 3422 renota
1045 3371 1107 3420 enim

308 3426 372 3481 sensu
381 3431 654 3488 unomalfiseodlcibru
663 3432 756 3512 legitur.
769 3466 773 3473 -
786 3435 861 3487 θην.
993 3462 1057 3557 A&
1069 3499 1107 3546 h.
