2310 3916
246 128 385 200 brnen
420 131 803 205 errusnecrnus.
905 135 973 228 895'

88 267 121 311 es
135 250 291 312 carissimus.
310 268 387 313 nunc
400 268 469 328 opus
484 249 522 310 est
534 263 563 311 te
577 254 674 312 animo
688 252 797 325 valere,
817 265 849 315 ut
863 274 966 335 conpo-

88 345 122 387 re
135 328 225 404 pollis.
263 327 296 387 ld
308 326 372 388 cunr
386 340 433 388 tua
448 371 457 399 ,
477 339 539 388 turn
553 344 616 386 mea
630 328 708 390 caula
721 330 821 401 facias,
841 331 857 390 l
873 334 902 392 t‘e
914 352 965 411 pe·

88 414 142 475 to.
172 403 304 464 Acastum
317 405 423 476 retine,
442 401 501 482 qul>
522 404 768 479 commodiustibi
788 408 964 473 ministretur.

87 479 233 541 Conserva
254 492 282 540 te
302 481 394 553 mihi,
427 480 485 541 dies
505 478 700 556 promissorum
721 482 803 544 adest.
845 484 966 563 ¹⁶quem

78 557 175 633 (etiam
198 556 421 634 repraesentabo,
441 557 462 619 li
482 557 633 620 adveneris.
670 559 764 621 Etiam
777 571 861 639 atque
879 563 965 637 etiam]

89 631 164 693 vale.
184 651 226 694 iv.
237 632 299 695 idus
311 634 380 697 hora
395 652 438 696 vr.

354 778 616 827 EPISTOLA
646 780 708 828 XV.

120 854 209 903 ARG.
247 856 317 903 Sueen
345 855 371 901 de
393 857 480 903 Tironis
504 857 629 904 valetudine
654 857 826 916 selle'citeedinem
847 856 964 920 fignifieee·

83 915 131 987 [A.
137 920 201 966 v.0.
218 919 343 977 necub]
356 921 425 969 Hane
436 917 548 984 precellit
560 921 671 985 proxime
680 917 786 984 superior
800 918 912 986 epistola,
928 919 965 972 se·

90 986 170 1042 quitur
179 992 216 1044 ep.
224 995 244 1030 1.
260 980 302 1031 lib.
309 995 371 1033 v111.

180 1067 276 1148 (xvir)
296 1072 339 1131 M.
359 1069 397 1132 Τ.
417 1073 452 1134 c.
477 1071 660 1134 Trnorvr
700 1071 726 1132 s.
745 1072 776 1133 v.
794 1073 834 1134 r).
894 1096 897 1103 ·

85 1161 294 1277 AEGvnrn
314 1165 349 1225 ad
370 1182 418 1226 me
439 1167 516 1226 venit
536 1163 623 1242 pridie
642 1166 702 1240 idus
716 1165 832 1242 Apriles.
866 1165 893 1226 ls
912 1166 961 1230 etsr

169 1239 239 1298 mihi
259 1243 420 1314 nuntiavit,
446 1254 475 1304 te
501 1243 582 1320 plane
608 1243 678 1301 febri
707 1259 798 1302 carere
833 1243 864 1302 ὃ(
891 1242 962 1305 belle

26 1358 30 1381 ;
84 1318 203 1386 habere,
223 1327 335 1390 tamen,
353 1317 430 1396 qubd
444 1320 555 1394 negavit
568 1331 597 1378 te
610 1316 726 1394 potuisse
741 1318 776 1379 ad
789 1337 836 1377 me
858 1318 959 1380 scribe·

26 1414 39 1445 ἰ
82 1412 134 1466 re,
153 1409 249 1454 curam
262 1396 331 1455 mibi
343 1396 455 1466 attulit,
475 1398 505 1454 ὃ(
528 1414 563 1454 eo
585 1397 694 1471 magis,
714 1392 792 1472 qubd
813 1397 956 1468 Hermia,

26 1500 39 1537 ;·
83 1489 173 1549 quem
190 1474 292 1534 eodeni
307 1472 352 1530 die
366 1471 495 1530 venireo
536 1483 654 1541 nuerat,
671 1489 731 1531 non
752 1483 873 1531 venerat.
911 1472 960 1532 ln·

26 1540 39 1613 ff
83 1547 208 1610 credibili
221 1550 280 1610 sum
294 1547 475 1608 sollicitudine
508 1560 585 1607 etue
605 1547 777 1608 valitudine:
818 1566 852 1607 ua
870 1548 891 1606 sr
910 1566 959 1609 me

26 1616 32 1691 ζ’
83 1623 230 1697 liberaris,
251 1643 305 1702 ego
319 1635 347 1683 te
363 1625 442 1684 omni
456 1642 520 1683 cura
532 1624 663 1684 liberabo.
700 1623 778 1683 Plura
794 1566 957 1698 aetherem,

81 1699 184 1776 sijam
210 1713 362 1780 putarem,
387 1700 502 1774 libenter
524 1712 552 1760 te
571 1701 663 1777 legere
680 1698 766 1775 posse.
805 1700 952 1776 Ingenium
1018 1760 1033 1778 ⁸,

78 1787 182 1848 tuum,
200 1778 279 1857 quod
292 1795 346 1855 ego
361 1778 475 1837 maximi
486 1777 584 1847 facio,
610 1777 708 1837 confes
727 1775 762 1836 ad
782 1788 811 1837 te
832 1777 901 1837 mihi
919 1761 1031 1874 tiffl'
1045 1776 1106 1823 ⁰⁰¹²·-

77 1853 166 1929 bique
180 1852 425 1915 ‘conservandum
465 1854 538 1913 Cura
550 1863 579 1912 te
601 1855 686 1913 etiarn
705 1866 734 1912 at
753 1871 789 1912 ue
811 1856 896 1913 etiam
910 1840 1060 1939 didm&

76 1929 204 2004 ligenter.
230 1931 310 1993 Vale.
346 1931 466 2006 tScripta
483 1932 544 2008 jam
579 1928 703 2006 epistula=
750 1930 835 1988 ermia
864 1931 950 1991 venit.
997 1955 1021 1999 ι»,
1035 1934 1081 2000 ι’

77 2004 188 2082 Accepi
214 2021 292 2068 tuam
318 2005 459 2082 epistolam
481 2028 491 2075 ς
517 2006 703 2066 vacillantibus
722 2005 867 2065 litterulis:
894 2024 969 2067 nect
985 2010 1061 2087 ¹scrisr
1084 2012 1099 2075 l.

77 2083 202 2154 mirum,
220 2096 278 2143 tarn
292 2084 369 2160 gravi
389 2083 498 2144 morbo.
535 2081 599 2159 Ego
612 2082 649 2141 ad
661 2095 691 2141 te
705 2080 860 2216 AEffvptarn
873 2028 1080 2170 Qneprstofam

74 2157 131 2228 sr‚'
149 2159 228 2236 qubd
247 2177 300 2220 nec
320 2159 485 2219 inhumanus
506 2157 574 2229 est.
601 2159 632 2217 δι
658 2170 687 2217 te
715 2176 785 2217 vus
812 2158 850 2217 est
876 2141 1065 2253 mihiss‘sfgmffi

74 2235 189 2319 diligere
202 2237 301 2375 ἰὣτίε
319 2247 415 2298 tecum
435 2233 523 2297 effeta
544 2237 576 2296 bv
595 2253 662 2297 cum
682 2252 720 2296 eo
739 2251 867 2307 cocum,
886 2254 946 2315 quo
956 2266 1032 2319 pm·

77 2322 166 2373 utere.
258 2331 285 2376 e.

326 2418 689 2473 Er1sToLAxv1.

106 2501 196 2553 ΛΚΕ.
228 2501 267 2564 Q
279 2503 347 2548 cicere
366 2503 442 2548 Marco
454 2501 528 2561 fratre*
546 2498 573 2547 de
589 2501 668 2546 Tirone
681 2498 812 2561 menemrffe
824 2496 852 2550 θ
864 2500 954 2560 gratiae

74 2567 141 2626 egit,
162 2565 189 2616 (φ
207 2564 340 2626 gratulatur.
373 2569 423 2612 Her
443 2563 527 2626 epistola
542 2573 581 2608 eet
597 2563 667 2608 eodem
687 2572 778 2622 tempore
798 2576 840 2624 que
860 2577 884 2606 ea
903 2577 951 2625 qua

73 2629 165 2690 incipit,
184 2624 250 2688 Quid
259 2627 343 2690 igitur?
358 2640 398 2673 ene
410 2628 483 2689 puelle
494 2623 554 2690 pest,
569 2625 606 2670 vel
621 2636 670 2671 ente
683 2624 774 2671 videtur
792 2623 831 2687 effi
844 2624 948 2690 streptu

76 2706 126 2739 men
140 2703 232 2756 eteeqee
242 2693 343 2740 Terenene
353 2690 491 2754 peelleente
505 2687 659 2753 meneniffem
670 2684 779 2750 fignificet.
840 2724 843 2731 .
883 2729 885 2732 ,

850 2752 891 2827 Q.
911 2744 950 2812 C.
1035 2800 1039 2809 .

69 2906 119 2950 ro,
134 2907 185 2942 non
199 2906 243 2958 pro
259 2891 374 2942 facilitate
384 2891 494 2956 quadam
515 2893 541 2943 be
563 2888 733 2941 benevolentia
746 2903 803 2956 erga
818 2888 950 2947 hominen,

67 2955 110 3010 sed
120 2971 165 3021 pro
175 2955 307 3007 eruditione
319 2954 432 3020 posuerit:
447 2968 472 3004 ut
483 2951 525 3005 lib.
533 2970 553 3005 1.
572 2953 603 3003 de
614 2958 682 3003 Orat.
699 2958 726 3000 ln
736 2955 795 3000 aneni
809 2955 864 3000 neele
869 2950 948 3011 stadie

67 3032 133 3084 etque
147 3022 280 3067 humanitate
296 3021 439 3076 versarentur.
456 3016 497 3069 bb.
505 3032 536 3068 11.
554 3019 646 3066 Homini
654 3031 694 3062 nen
703 3015 789 3070 hebeti,
804 3032 845 3063 nen
863 3018 948 3081 exerci-

68 3094 126 3138 eeee,
142 3099 207 3147 neque
217 3086 361 3130 communium
370 3085 512 3137 litterarum,
528 3082 555 3134 ὼ·
569 3081 677 3144 plenioris
691 3080 833 3128 humanitatis
850 3081 943 3139 eriperer·⁹

68 3147 100 3195 ln
110 3150 220 3195 venem:
237 3150 271 3194 Tre
282 3147 328 3203 fine
343 3147 393 3193 elle
406 3147 459 3193 bene
468 3156 514 3193 nete
525 3177 532 3200 ,
544 3143 590 3202 fine
605 3143 741 3191 nmmum·
753 3173 761 3197 ‚
772 3139 819 3200 fine
839 3141 922 3204 ingenie
935 3170 947 3199 ,

64 3206 112 3266 fine
122 3210 202 3257 litteris
212 3211 316 3272 intelligis
327 3209 354 3261 ἐν
360 3210 448 3269 judicas
454 3205 471 3254 ’ἓ
504 3210 527 3259 P.
535 3210 630 3258 Manut.

103 3279 140 3320 26.
157 3274 230 3341 Qem
239 3276 306 3319 etiam
317 3273 478 3336 representabe.]
492 3273 552 3320 Non
562 3265 717 3336 exspeuabo,
732 3263 772 3314 sed
782 3276 940 3316 antevertam.

68 3329 114 3381 nist
125 3333 171 3446 lefi.
188 3352 241 3400 que.
257 3334 337 3385 statim
347 3333 477 3399 prestabo,
493 3347 537 3382 nec
546 3335 654 3397 opperiar
664 3329 736 3380 diem.
767 3329 792 3387 J.
803 3333 830 3378 F.
842 3331 941 3401 Geonqv.

66 3395 136 3445 ldern
163 3395 187 3448 b.
197 3415 216 3448 r.
233 3397 264 3448 de
274 3403 325 3449 ree.
337 3403 390 3448 vet.
402 3405 452 3447 αι.
469 3411 513 3461 qiu
524 3399 592 3444 eriam
606 3393 751 3461 representavit
765 3390 896 3462 legandum
904 3404 946 3439 ru·

67 3459 138 3529 quit,
153 3459 468 3529 vtufereturadprenelle.
692 3519 697 3526 ,
784 3502 787 3507 .

173 3551 177 3561 =
516 3521 597 3583 utve
690 3562 692 3567 .
849 3515 955 3577 27.qu
1047 3559 1084 3664 «Ι
