2310 3916
10 126 15 131 ’
125 128 333 199 .·-·urm
365 84 803 217 remansissemus·
860 132 921 217 759

37 244 102 307 'non
114 236 207 305 niodo
220 253 282 305 nou
295 240 463 305 remittimus
473 274 477 281 ,
486 241 537 303 tibi
557 240 660 321 aliquid
679 260 716 303 ex
736 240 826 303 nostra
841 252 925 303 cornuv

36 320 242 391 mentatione,
260 317 336 399 quafi
355 317 450 394 adepti
466 318 527 398 J'am
549 320 647 379 omnia
669 338 678 379 t
705 319 752 381 sed
776 338 813 379 eo
834 320 923 381 uehe-

37 397 162 461 mentius
175 398 194 459 ἰ
206 409 237 457 te
250 395 463 532 contendimuscf
482 408 515 456 ut
529 395 675 475 Lysonem
705 396 736 457 in
764 396 850 467 fidem
859 410 922 463 ¹,ne-

38 475 291 553 cessitudinemque
309 484 388 532 tuam
402 490 433 532 re
459 473 527 549 pias.
563 474 651 552 Cujus
664 472 746 533 dubia
759 474 871 533 fortirna
883 477 920 535 ti*

34 550 142 612 minius
155 562 252 613 tecum
265 549 438 626 agebamus,
456 560 608 621 verentes,
627 567 664 611 ne
710 548 761 609 uid
779 548 918 610 accideret

32 628 203 706 ejusmodi,
220 638 254 688 ut
272 636 361 687 netu
381 626 496 705 quidem
517 627 624 687 mederi
649 566 754 703 poseat
775 626 915 703 explorata
954 650 1033 715 ffifflo

30 703 105 767 vero
121 704 179 783 eju's
192 703 407 774 incolumitate,
427 704 526 764 omnia
538 702 555 763 a
568 716 598 763 te
611 695 718 763 sstudia
736 702 845 763 summu
865 669 1017 776 cusum,
1036 726 1065 781 a

30 781 65 843 rs
77 795 157 859 peto.
195 785 272 859 Quae
292 798 330 841 ne
350 780 453 858 fingula
473 798 661 850 enumerem,
680 791 771 840 totam
791 781 841 841 tibi
853 778 1000 843 neamu-

31 876 120 919 mum
140 850 324 919 commendo}
362 856 396 917 ln
422 858 464 917 his
493 856 697 918 adolescentem
717 849 806 917 nuum
827 858 886 935 ejtts
900 896 937 959 ,¹¹
957 852 983 924 Ρ·
997 854 1026 901 ¹³·

17 954 125 1013 ‚quern
139 936 173 995 C.
187 933 333 995 butanius
348 934 507 1004 Gemellus,
527 932 611 994 eliens
624 944 721 1003 meus,
740 930 807 993 cum
821 936 851 995 in
864 954 911 1002 ca·
917 912 1064 1025 dfflr‘ff‘

32 1006 162 1071 laenitate
174 1010 261 1071 exfilii
282 1008 322 1069 sui
341 1010 474 1070 Patrenfis
493 1010 560 1071 civis
580 1010 668 1070 nnus
688 998 779 1081 esset,
796 1002 991 1091 Patren-min„
1009 990 1065 1037 ω’·

34 1086 109 1147 fium
122 1084 227 1165 legibus
240 1082 398 1162 adoptavit:
419 1099 451 1147 ut
464 1089 522 1146 e'us
535 1086 615 1164 ipsius
621 1084 778 1147 hereditatis
786 1086 833 1165 jus
845 1106 913 1151 cau·
969 1142 972 1157 ,

32 1162 150 1243 samque
163 1178 268 1225 tueare.
306 1162 399 1240 Caput
418 1106 488 1223 illus
504 1158 567 1233 est,
586 1176 618 1222 ut
638 1162 807 1240 Lysonem,
825 1176 914 1243 quem

33 1256 92 1318 ego
119 1242 211 1301 vitum
238 1240 391 1316 ,optimum
414 1240 594 1317 gracillimum
615 1258 651 1299 ue
676 1241 825 1315 cognovi,
843 1244 917 1305 reci·

33 1319 93 1451 Eius
107 1319 136 1376 in
157 1316 386 1377 neceffitudinem
399 1328 487 1377 tuam.
525 1256 615 1392 Quos
628 1314 648 1375 fi
660 1310 775 1385 seceris,
793 1319 915 1379 nondu-

53 1395 114 1463 ito,
134 1396 202 1471 quin
216 1392 246 1453 in
261 1412 298 1454 eo
312 1392 469 1471 diligendo,
490 1393 640 1481 ceterisque
653 1390 746 1469 postea
761 1390 912 1457 com'men-

33 1468 148 1540 dando,
168 1472 262 1556 idem,
281 1470 360 1547 quod
374 1484 445 1547 ego,
465 1468 497 1528 srs
507 1464 606 1546 judicit
620 1471 650 1529 &
670 1469 818 1529 voluntatis
832 1471 910 1531 habi·

32 1557 120 1605 turus.
147 1543 238 1623 Quod
250 1560 258 1589 ¹
268 1564 333 1605 cum
348 1545 407 1605 fieri
420 1546 603 1617 vehementer
615 1544 729 1615 studeo,
748 1558 810 1605 tum
823 1542 926 1607 etiami
940 1556 994 1623 tum
1002 1549 1059 1624 tau.

30 1620 102 1682 illud
116 1638 238 1694 vereor,
271 1641 308 1683 ne
328 1622 349 1682 st
375 1622 465 1683 minus
486 1620 625 1682 cumulate
645 1621 795 1681 lvidebere
816 1605 993 1719 fesiffflfflf
1007 1626 1044 1661 '¹’

32 1699 138 1779 aliquid
151 1702 210 1775 ejus
224 1700 318 1770 causa,
339 1716 386 1760 me
399 1699 444 1759 ille
457 1701 628 1776 negligenter
646 1694 772 1773 scripnffe
792 1698 885 1773 ¹putet
898 1688 1022 1787 aaroni}

35 1789 98 1835 non
111 1788 139 1835 te
153 1777 272 1835 oblitum
286 1778 351 1836 mei.
390 1777 497 1851 Quanti
517 1789 612 1835 tamen
633 1792 680 1833 me
695 1775 821 1844 faceres,
841 1776 906 1835 cum
918 1800 970 1849 Ma,

34 1868 69 1909 ex
84 1850 255 1911 sermonibus
269 1853 437 1929 quotidianis
451 1854 520 1913 meis
536 1896 546 1926 ,
565 1866 627 1912 tum
641 1860 677 1911 ex'
691 1850 808 1927 epistolis
823 1855 926 1913 etiami
942 1858 1060 1928 desepm

34 1927 89 1987 tuis
104 1931 197 2006 potuit
210 1929 387 2005 cognoscere.
528 1968 535 1982 ·
918 1926 971 1977 ⁴¹¹²·

293 2086 314 2132 E
332 2086 350 2132 1²
364 2087 377 2133 1
392 2080 406 2132 S
421 2084 444 2133 'l'
460 2087 483 2134 0
499 2086 520 2135 1.
535 2080 558 2135 Α
589 2081 646 2134 XX.

65 2209 156 2259 ΑΚΘ.
191 2209 325 2257 Commendat
337 2209 480 2274 ,Asclaponem
490 2211 604 2262 medicum.
626 2208 740 2268 [ΑΜ.
757 2206 895 2271 occult]

182 2342 425 2410 CICERO
465 2346 702 2411 SERVIO
742 2346 769 2410 S.

31 2487 294 2597 AScrnaona
314 2483 450 2559 Patrensi,
470 2488 600 2559 medico,
619 2502 684 2551 utor
698 2486 777 2549 valde
792 2485 909 2551 familia·¹

100 2566 165 2623 riter
179 2608 188 2635 ,
208 2565 320 2643 ejusque
334 2565 428 2624 mcum
442 2565 614 2627 cousuetudo
628 2568 697 2626 mihi
707 2567 830 2642 jucunda
845 2570 940 2640 sutem
954 2582 1007 2623 tum

31 2652 95 2701 tum
110 2660 152 2699 ars
166 2644 267 2714 etiam,
308 2661 373 2701 uam
389 2643 447 2701 sum
463 2655 590 2718 expertus
604 2645 640 2702 in'
654 2642 803 2703 valitudine
826 2663 906 2704 meo·
916 2639 966 2686 “5¹'-

30 2732 105 2778 rum.
145 2717 179 2777 ln
193 2736 247 2794 qua
261 2662 330 2779 m‘rln
343 2719 431 2777 ncnm
444 2720 498 2793 ipa
512 2718 622 2778 scientia
637 2761 646 2788 ,
665 2732 727 2778 tum
741 2721 825 2781 etiam
839 2720 932 2784 fide-n
946 2730 1058 2798 sumant,

32 2790 110 2854 litate
130 2793 376 2873 benivolentiaque
389 2795 523 2855 satisfecit.
561 2796 648 2854 Hunc
661 2796 742 2872 igitur
756 2797 803 2856 tibi
825 2816 907 2859 com*

33 2871 158 2940 mendo:
180 2870 240 2929 &i
262 2885 290 2928 te
311 2885 401 2946 peto,
421 2884 452 2930 ut
472 2872 519 2930 des
541 2890 679 2947 operam,
699 2885 731 2931 ut
749 2873 906 2950 intelligat,

32 2948 178 3024 diligenter
199 2964 246 3004 me
264 2947 389 3021 scripsisse
416 2948 452 3007 de
478 2947 531 3006 sese
552 2988 561 3017 ,
589 2967 738 3024 meamque
759 2967 908 3011 commcn-

30 3018 176 3083 dationem
203 3023 262 3081 usui
283 3040 385 3099 magno
406 3024 454 3083 fibi
473 3020 559 3084 fuine.
598 3026 657 3084 Erit
682 3025 712 3083 id
731 3026 800 3083 mihi
821 3029 906 3087 velte-¹

36 3115 145 3160 menter
158 3113 278 3177 gratum.
817 3184 837 3229 E
852 3184 870 3229 P
885 3184 898 3231 Ι

32 3277 83 3326 cius
96 3277 120 3325 in
131 3274 261 3341 Achaiam,
278 3285 408 3343 antequam
418 3272 443 3327 in
454 3275 592 3346 Hispaniam
605 3298 613 3337 3
631 3280 708 3345 (ena
724 3271 766 3330 nb.
776 3279 823 3341 iv.)
840 3292 910 3328 man·

30 3341 61 3389 fit
79 3338 189 3404 usquead
206 3343 296 3392 exitum
308 3340 372 3391 belli.
391 3357 468 3399 nam,
485 3358 511 3392 ut
521 3343 624 3393 diximus
637 3347 685 3399 jam
701 3377 708 3399 ‚
725 3341 801 3393 Caesar
816 3346 842 3392 sic
858 3342 911 3391 Sul·

30 3404 120 3520 qicius,
137 3402 175 3451 hic
186 3419 215 3455 ex
227 3405 336 3468 achaja,
352 3405 392 3454 ille
403 3406 477 3463 minis
488 3421 517 3460 ex
529 3406 750 3472 Hispaniensem,
767 3403 912 3457 inanitum

45 3465 268 3520 'ecunsolatiiunn
301 3474 327 3520 Ρ.
339 3472 427 3523 mar.
721 3522 724 3527 .

786 3547 824 3594 st·
843 3528 912 3596 tem
