2310 3916
218 140 278 210 744
317 121 431 192 unse.
446 137 496 190 nn
510 120 552 194 Ct
565 119 769 208 Minimum
789 137 842 191 er
858 124 1019 197 nmine

216 233 381 294 Resuutem
397 233 435 294 est
448 234 511 294 haec
526 253 533 294 :
554 232 584 293 A
597 232 643 293 M.
656 233 778 296 Laberio
793 233 828 296 C.
840 233 970 297 Albinius
980 245 1010 313 ¹²¹
1018 239 1088 312 ptaei

75 327 205 376 nccvn
216 308 260 369 dia
279 312 310 371 in
330 311 565 373 ¹¹·aestimationem
591 312 721 386 accepit:
747 328 812 388 quae
831 312 938 390 praedin
957 304 1087 374 labenti·

63 385 82 440 k
107 386 480 449 anima-emerameaesne
501 388 537 447 de
557 388 637 447 bonis
657 386 794 447 Plotianis.
819 397 852 447 ea
871 387 894 448 fi
913 389 1006 449 dicum
1024 408 1086 451 non

62 452 131 503 '5⁰¹¹‘
150 453 204 502 MS.
215 460 269 522 effe
284 462 300 522 ὲ
315 465 450 539 republica
465 465 566 534 dividi,
586 464 689 522 docere
715 477 744 523 te
764 464 883 534 videar,
902 482 966 525 non
979 482 1084 618 nagge.

215 539 270 598 Sed
282 551 377 599 tamen
392 540 456 599 clim
471 541 562 600 Caesar
584 540 704 599 Sullanas
725 540 899 600 venditiones
920 543 953 600 ὃ(
974 558 990 599 a
1056 560 1084 602 a·

214 616 305 676 tiones
320 630 388 676 ratas
402 616 455 675 effe
469 618 553 687 velit,
572 635 630 694 quo
655 615 790 676 firmiores
804 617 997 676 existimentur
1008 617 1082 680 suae:

214 690 235 750 fi
250 709 282 750 ea
295 693 398 769 praedia
412 693 585 763 dividentur,
604 710 669 770 quae
681 692 736 768 ipse
750 692 842 752 Caesar
856 692 1004 764 vendidit,
1023 712 1085 772 quae

213 768 328 828 tandem
348 770 378 828 in
398 770 455 846 ejus
475 769 679 829 venditionibus
699 766 753 828 elle
776 770 884 904 {eterit
910 769 1086 858 auctoritas?

216 844 272 903 Sed
283 846 339 905 hoc
362 846 443 924 quale
463 847 519 917 fit,
538 859 570 905 tu
584 864 636 926 pro
656 857 704 913 tua
723 863 775 922 pru
795 857 868 904 entia
894 845 1086 907 confidcmbu

216 918 280 1056 Egg
292 934 321 981 te
329 920 414 1056 {inne
427 941 516 1013 rogo,
535 923 686 1008 atque-ita,
705 932 737 980 ut
750 920 1085 1060 majorcleliiiludifflustioi

129 1084 144 1129 't
214 1013 946 1152 ilelbiiribaptariailabisneiliallilliiiiairbgirree¹iitingipsi>
980 1018 1082 1153 Milgis

153 1181 162 1198 ο
215 1166 264 1208 me
277 1149 400 1215 affeceris
411 1171 471 1212 non
485 1151 575 1212 modo
587 1151 704 1221 laetitia‚
722 1148 769 1209 sed
789 1151 873 1209 etiam
893 1150 1083 1227 quodammo-

217 1225 256 1287 do
269 1227 355 1304 gioria
368 1271 379 1299 ,
397 1228 460 1291 iiP.
473 1229 570 1290 Sestius
582 1227 693 1288 homini
706 1224 829 1287 maxime
842 1224 1085 1365 neceffariofescngirsss

217 1442 339 1493 cundiatus
349 1443 406 1496 iim:
421 1447 458 1496 cui
476 1446 561 1496 aiilius
570 1443 634 1502 fuit,
650 1443 692 1510 qui
707 1444 864 1508 interrogatus
874 1455 905 1492 ee
917 1441 983 1493 mibi
998 1442 1081 1494 conlit-

217 1508 312 1564 mavit,
329 1523 381 1573 quae
395 1508 443 1574 ipse
486 1510 521 1559 lso
536 1507 650 1560 credebat.
683 1506 809 1571 Postquam
822 1521 848 1556 te
863 1507 992 1572 cognovi,
1011 1521 1039 1556 ac
1052 1506 1078 1556 de

211 1568 1078 1684 trittinliti‘effetuitrdtiiffllbdltffinrfitlt

210 1695 234 1757 pi
245 1729 253 1751 ,
269 1698 332 1755 cujus
342 1700 374 1746 rei
385 1651 550 1762 argumeiitum
560 1694 605 1745 effe
620 1696 696 1771 potest
708 1730 716 1754 ,
730 1667 797 1760 qtiod
811 1710 865 1745 eum
875 1693 994 1745 nudiffem
1004 1709 1030 1746 te
1039 1696 1077 1746 ei·

210 1760 303 1809 ceronis
313 1759 464 1824 epistolarum
473 1760 545 1810 libros
561 1762 695 1824 irnpumere
711 1793 720 1817 ,
739 1758 789 1809 dixi
803 1774 844 1808 me
863 1757 969 1808 libenter
985 1755 1074 1817 tibi,ii

209 1819 235 1868 id
246 1819 353 1880 seiffem,
369 1823 632 1873 nonnullntradirurum
643 1818 725 1879 fuiffe,
741 1837 792 1886 quae
802 1819 898 1871 videbar
907 1821 971 1871 mihi
982 1836 1035 1871 non
1042 1823 1075 1871 in·

209 1881 269 1932 sulse
283 1884 334 1948 poll
350 1889 452 1950 primam
472 1887 539 1935 illam
555 1885 685 1935 editionem
701 1880 903 1934 animadvertiss'e:
939 1883 989 1934 uod
1000 1883 1075 1934 stetim

209 1945 253 1994 tibi
274 1961 315 2011 per
334 1951 397 1997 viros
415 1948 588 1999 honestitlimos
613 1945 810 2012 auriciffimosque
837 1960 893 1996 tuos
917 1899 937 1996 ἓ
958 1946 1075 1997 nificatun

211 2008 252 2058 elb
286 2015 316 2059 Et
326 2026 388 2059 nunc
399 2027 494 2077 quoque
506 2027 519 2061 a
529 2025 555 2061 te
563 2023 717 2077 provocatus,
734 2026 761 2061 ac
774 2009 863 2073 scriptis
872 2009 897 2058 ia
956 2024 1012 2068 tue,
1027 2025 1073 2061 non

228 2068 305 2120 offum
315 2072 358 2122 tibi
368 2090 418 2123 non
427 2077 515 2125 amicus
525 2071 583 2133 effe,
598 2073 646 2124 sem
663 2088 735 2138 etque
745 2089 799 2130 ero,
816 2073 874 2122 dum
882 2084 907 2121 te
917 2086 991 2123 tanto
1000 2071 1072 2123 studio

207 2085 291 2198 insipie
302 2138 453 2201 antiquorum
466 2140 547 2186 multis
557 2136 635 2187 modis
645 2090 771 2202 tlepmvata
779 2135 891 2200 castigare
902 2169 909 2191 .
927 2135 1074 2201 &calligata

205 2196 237 2245 ed
247 2212 400 2248 communem
410 2199 512 2250 nntium
522 2200 591 2249 edere
600 2212 737 2265 cognovero
748 2234 755 2256 ‚
770 2198 882 2264 quamvis
896 2199 958 2249 mibi
968 2200 1070 2264 placatus

206 2275 257 2308 non
267 2257 304 2309 sis.
336 2261 408 2324 Quod
418 2263 436 2312 fi
447 2265 554 2313 animum
564 2275 648 2320 tunm,
664 2276 716 2312 tam
726 2260 845 2312 infensum
860 2261 939 2320 mibi,
955 2275 997 2312 aut
1012 2262 1071 2320 levi.

205 2336 245 2371 sut
256 2324 320 2372 nulla
331 2324 360 2374 de
370 2324 436 2375 caula
445 2323 550 2384 scissem,
565 2340 662 2390 operam
673 2323 801 2378 dedissem,
815 2321 895 2383 uttibi
904 2323 1070 2375 satisfacerem

204 2389 357 2451 nequeenim
368 2388 427 2438 mihi
436 2404 542 2454 unquam
557 2403 612 2437 cum
627 2390 726 2438 literatis
743 2392 769 2439 δι
785 2385 913 2453 ingenious
934 2386 1069 2439 hominibus

204 2449 339 2500 inimicitias
349 2448 395 2500 elle
410 2453 522 2517 gerendas
537 2454 635 2517 putavi:
658 2451 697 2500 sed
711 2467 753 2500 eos
769 2453 795 2500 δι
810 2449 946 2508 amandos,
963 2453 991 2501 δι
1008 2449 1070 2500 omni

204 2511 286 2562 officio
295 2514 410 2563 colendos
420 2530 531 2580 perpetuo
542 2515 606 2565 duxi.
639 2518 705 2563 Nam
713 2513 779 2580 quod
789 2515 892 2577 quereris
902 2527 944 2562 me
954 2515 1070 2564 nonnulle
1085 2534 1095 2579 χ

223 2579 284 2625 otius
295 2578 420 2626 Germanis
430 2593 525 2642 accepta
536 2577 634 2633 referre,
651 2576 698 2626 hoc
708 2593 749 2626 me
763 2579 855 2644 penitus
871 2577 942 2625 omni
956 2578 1029 2643 culpa
1042 2577 1069 2626 ii·

203 2589 287 2697 berit,
303 2639 432 2715 docetque,
448 2656 570 2704 nunquam
585 2639 756 2698 diffimulalle,
776 2655 791 2689 a
806 2638 889 2704 quibus
904 2637 1001 2699 adjutus
1021 2637 1068 2689 fin.

204 2704 328 2751 Cutenim
338 2717 415 2767 ponus
426 2707 565 2761 Germanis,
581 2718 654 2768 quam
665 2704 731 2752 Italis
748 2701 903 2752 hominibusi
920 2702 963 2766 qui
979 2703 1068 2753 medum

201 2765 268 2813 nidla
283 2781 320 2818 re,
337 2781 414 2831 neque
426 2766 534 2830 publice,
556 2782 633 2830 neque
647 2767 757 2829 privatim
772 2767 894 2828 conlundi
909 2763 972 2817 sunt.
1006 2771 1068 2816 Auro

120 2833 122 2837 ’
202 2824 257 2877 sane
268 2829 391 2877 nationem
401 2830 482 2885 inam,
498 2844 523 2877 ut
534 2846 585 2879 non
596 2830 673 2877 minus
682 2828 739 2878 belli
750 2827 851 2885 artibus,
865 2843 940 2892 quam
949 2830 1017 2903 pacis
1025 2827 1068 2879 ttr-

203 2888 249 2939 diis
263 2892 370 2939 claram:
392 2906 435 2940 nec
454 2905 535 2941 tamen
555 2894 629 2942 italos
644 2892 754 2940 homines
772 2891 830 2940 odio
850 2889 964 2956 prosequi
984 2889 1069 2947 debeo.

202 2953 320 3004 Omnibus
335 2954 437 3017 denique
446 2969 485 3002 me
500 2970 590 3019 magno
604 2953 720 3003 beneficio
735 2953 872 3004 obstrictum
887 2954 1005 3013 fatebor,
1020 2957 1069 3019 qui·

201 3032 294 3082 cunque
309 3017 370 3066 hanc
386 3031 477 3081 partem
491 3018 610 3067 literarum
626 3018 726 3081 impigre
745 3016 884 3075 adjuverint.
918 3019 966 3067 Hie
980 3015 1068 3083 petilii·

201 3094 269 3129 mum
281 3097 378 3147 purgare
388 3096 432 3128 nos
442 3080 573 3137 voluimus,
589 3082 645 3145 quia
655 3081 701 3128 hoc
710 3080 736 3128 in
745 3080 802 3129 loco
812 3077 961 3131 acerbiffime
971 3087 1025 3133 nos'
1032 3095 1069 3131 tc*

203 3142 328 3193 cusvveras.
362 3147 465 3190 Vitiorms
481 3148 504 3190 in
515 3144 589 3206 poster.

235 3223 272 3256 21.
288 3207 373 3254 rraedia
384 3211 406 3254 in
417 3207 573 3263 estimationem
583 3208 679 3268 accepit]
692 3210 746 3255 Hoc
757 3203 803 3263 est,
818 3203 912 3255 Laberii
929 3204 1018 3271 praetl'ta
1026 3219 1067 3271 pto
1115 3220 1117 3227 '

202 3264 283 3317 debito
297 3272 385 3333 accepit
402 3269 514 3317 aestimsta
529 3272 607 3325 tanti,
623 3270 707 3333 quanti
721 3282 788 3318 erant
807 3281 864 3318 ante
877 3268 972 3319 bellum
993 3270 1065 3320 civite

201 3328 256 3377 vide
267 3329 365 3394 superius
376 3331 415 3382 lib.
424 3347 458 3382 rx.
474 3343 546 3396 ep.1⁶
558 3335 583 3383 dt
596 3341 631 3382 18.
646 3334 671 3381 δι
683 3329 724 3382 lib.
732 3348 754 3380 v.
770 3346 852 3396 epae.
868 3333 905 3380 sic
914 3332 983 3381 enim
996 3330 1067 3382 czsn

202 3389 306 3442 satisfieri
316 3394 411 3443 volebat
421 3393 573 3446 creditoribus
584 3394 613 3448 ab
624 3396 671 3455 iis,
688 3395 731 3460 qui
740 3410 792 3451 nou
801 3407 868 3451 mant
877 3391 1007 3449 folrado
1022 3393 1066 3446 vid.

122 3520 127 3525 Ι
200 3459 261 3507 ,Ἧι
278 3454 327 3524 Jbblo
339 3469 403 3520 ‘⁸44¹
435 3461 543 3512 cimmo

325 3582 347 3635 t

979 3539 1016 3578 22.
1029 3522 1065 3572 So·
