2310 3916
249 163 313 229 620
355 162 468 230 torst.
491 172 541 221 nn
555 153 619 221 Cn.
631 153 827 235 timeon,
847 160 1066 224 recinentis

252 263 327 326 effet.
366 266 431 337 lte,
450 264 470 323 fi
489 264 519 323 id
538 264 649 338 agitur,
668 276 699 321 ut
719 263 805 322 ntrsus
823 263 853 321 in
872 264 1006 339 potestate
1020 267 1124 327 -omnio

250 343 332 405 unius
352 342 426 401 lint:
446 342 617 419 quicumque
637 343 659 399 is
680 339 741 409 est,
760 341 786 398 ei
808 358 856 398 me
875 340 1010 416 profiteor
1030 342 1125 402 inimi·

252 434 328 477 curn.
367 418 430 481 Nec
443 417 596 494 periculum
610 416 648 475 est
659 417 765 485 ullum,
784 415 861 491 quod
874 435 925 492 pro
937 417 1067 476 libertate
1079 430 1124 477 aut

137 510 161 557 ρ,
179 512 205 560 n,
253 495 411 570 treiugiam
434 506 481 553 aut
501 493 640 568 deprecer.
678 492 733 553 Sed
754 493 876 551 consules
895 511 991 571 neque
1019 493 1124 554 senattu

100 583 118 634 ε
133 570 225 636 niglam
253 571 398 640 consulto,
416 586 509 647 neque
522 570 615 628 litteris
629 568 837 643 hpraeceperant
852 570 946 638 mihi,
966 569 1038 646 quid
1052 571 1121 630 face·

100 636 163 708 Μ,
252 662 319 706 rem.
358 650 436 706 Unas
450 648 526 705 enim
541 645 599 720 post
613 645 673 704 idus
687 646 800 703 Martias
820 644 937 704 demum
951 645 968 703 ὲ
983 645 1070 704 Pansa
1083 647 1121 707 lit·

99 693 177 822 ’,Ἠ
184 763 231 809 m
248 733 319 782 teras
333 724 444 798 accepi,
463 724 492 780 in
505 722 603 798 quibus
615 722 739 780 hortatur
752 738 816 790 me,
836 733 867 779 ut
879 722 986 781 senatui
995 720 1119 794 scribam,

159 793 166 809 ⁶
222 797 313 868 .'me,
333 801 363 857 &
377 801 529 859 exercitum
543 796 754 872 9⁸inpotestate
768 799 826 874 ejus
839 799 974 857 futurum,
1014 800 1118 873 Quod,

249 873 315 932 cbrn
331 875 452 949 Lepidus
466 875 701 944 concionaretur,
720 886 803 949 atque
826 874 955 933 omnibus
976 873 1118 946 scriberet,

248 951 277 1008 se
291 951 444 1010 consentire
458 968 524 1009 cum
544 950 697 1020 Antonio,
723 948 846 1023 manime
868 951 1043 1009 contrarium
1064 952 1118 1011 fuit.

249 1027 326 1085 Nam
340 1028 436 1103 quibus
452 1027 676 1096 commeatibus,
695 1026 784 1084 invito
805 1027 876 1096 illo,
895 1045 944 1111 per
965 1026 1039 1085 illius
1078 1047 1118 1087 ro·

97 1124 205 1177 ἰωῇ.
250 1103 372 1161 vinciam
385 1103 507 1179 legiones
522 1104 653 1163 ducerem
670 1101 682 1160 ?
701 1114 771 1172 aut,
790 1102 812 1160 fi
833 1115 923 1161 cetera
936 1102 1038 1161 ¹tranfi
1060 1122 1117 1175 ern,

98 1193 214 1241 remus,
249 1196 320 1237 num
335 1182 418 1238 etiam
432 1181 517 1254 Alpes
530 1191 657 1255 poteram
677 1179 873 1248 transvolare,
899 1196 965 1256 quae
991 1179 1118 1254 praefidio

97 1270 116 1322 ι
131 1285 239 1324 teneren-
249 1254 318 1313 illius
330 1257 480 1314 ktenentur
494 1255 506 1313 ἓ
526 1256 609 1315 Adde
622 1256 694 1324 huc,
713 1254 792 1331 qudd
808 1257 921 1329 perferri
933 1256 1037 1313 litterae
1051 1258 1116 1315 ntdlt

97 1339 196 1386 wratis.
249 1331 411 1391 conditione
425 1344 582 1408 potuerunt.
602 1332 743 1389 Sexcentis
757 1333 831 1388 enim
846 1326 913 1390 locis
931 1333 1115 1391 excutiuntur.

247 1405 348 1467 deinde
363 1410 447 1467 etiarn
467 1411 618 1467 retinentur
638 1407 654 1465 i
676 1408 719 1464 Le
739 1406 786 1466 ido
805 1407 941 1465 tabellarii.
982 1407 1057 1467 Illud
1075 1428 1115 1468 me

247 1483 388 1543 Cordubae
408 1504 460 1560 pro
480 1485 619 1544 concione
639 1483 667 1541 di
689 1485 693 1494 '
717 1501 756 1552 e,
776 1501 864 1541 nemo
883 1482 998 1541 vocabit
1019 1485 1050 1543 in
1071 1485 1115 1544 du·

174 1576 187 1625 ,ζ
226 1558 341 1628 bium,
361 1562 533 1637 provinciam
548 1579 594 1619 me
608 1559 698 1629 nulli,
719 1560 768 1618 nifi
788 1561 837 1636 qui
857 1559 891 1618 ab
903 1560 1001 1618 senatu
1030 1559 1114 1621 milsut

96 1652 168 1705 1,1,·,·
189 1664 192 1669 ·
248 1632 361 1694 venisset
377 1680 386 1706 ,
405 1637 576 1697 traditurum.
615 1637 690 1694 Nam
712 1635 747 1693 de
766 1637 877 1711 legione
897 1634 1112 1711 ¹trigefimotrt·

96 1718 220 1770 nicefima
248 1710 338 1770 denda
352 1723 381 1777 99
389 1725 503 1789 quantas
516 1715 657 1773 habuerim
671 1714 850 1771 ¹¹¹conciones
865 1754 874 1779 ,
900 1711 968 1788 quid
990 1731 1046 1788 ego
1059 1713 1113 1773 scti-

96 1796 237 1859 incomm-
249 1786 340 1846 barn?
360 1792 425 1865 Qua
440 1790 553 1860 tradita,
572 1802 677 1866 quanto
696 1807 747 1864 pro
767 1786 902 1863 republica
921 1782 1060 1848 infinnior
1073 1791 1110 1848 fu

97 1849 237 1896 ΝΜ·
248 1874 323 1923 turus
338 1866 456 1936 fuerim,
476 1868 536 1942 quis
555 1863 689 1942 ignorati
715 1867 779 1922 Hac
800 1866 875 1923 enim
894 1864 1034 1938 legione,
1060 1867 1112 1925 noli

96 1972 114 2005 2
129 1956 225 2007 effonm
245 1942 332 2001 acrius
350 1956 397 2000 aut
423 1944 572 2017 pugnacius
599 1940 751 2017 quidquam
779 1952 874 2014 putare
894 1934 981 2000 ¹¹else.
1022 1945 1110 2077 guare

93 2020 157 2069 tato
166 2016 313 2074 araneum
335 2036 382 2074 me
403 2018 525 2075 existima
545 2015 621 2086 effe,
640 2019 689 2093 qui
709 2015 829 2110 primurn
842 2017 914 2091 pacis
929 2016 1026 2092 cupidi
1056 2037 1110 2077 mut

246 2088 297 2149 fim
313 2111 320 2149 ι
342 2093 452 2167 (omnes
466 2095 541 2152 enirn
556 2096 629 2152 cives
644 2095 724 2168 plane
738 2092 834 2150 studeo
849 2089 902 2149 effe
922 2091 1025 2167 salvos)
1038 2096 1111 2155 deiu-

95 2205 113 2238 o
128 2190 224 2242 phem.
246 2164 282 2225 de
298 2210 307 2235 ,
327 2170 374 2244 qui
388 2171 418 2226 ὅ(
432 2187 496 2237 me,
517 2170 757 2245 &rempublicam
774 2168 912 2226 vindicare
926 2169 956 2226 in
970 2169 1110 2229 “libertate

96 2265 147 2326 rein
164 2260 237 2307 em.
243 2254 351 2316 paratus
363 2243 422 2305 sim.
461 2244 551 2320 Quod
564 2247 727 2305 familiarem
748 2256 846 2304 meum
859 2245 911 2302 P'in
932 2255 1109 2305 tuommnu·

93 2330 119 2426 g.
127 2319 244 2429 W·
1038 2340 1111 2383 mero

274 2480 311 2526 9t.
329 2477 355 2520 ln
362 2472 460 2535 potestate
465 2474 588 2534 futurum]
602 2474 727 2524 Fastorum
736 2488 880 2538 quacunque
889 2473 950 2523 rnihi
960 2474 1110 2539 imperarent.

243 2537 494 2600 quocunquevellent.
514 2539 564 2587 Cic.
579 2555 599 2587 1.
616 2538 647 2586 ad
661 2545 712 2588 Art.
730 2553 768 2602 ep.
782 2555 817 2589 11.
841 2547 880 2585 oto
897 2556 923 2584 ne
943 2540 1004 2584 illud
1018 2543 1108 2594 mirere,

241 2612 291 2643 cum
307 2614 341 2661 ego
358 2611 420 2646 antea
434 2601 574 2663 significarem
589 2602 631 2648 tibi
649 2614 687 2663 per
706 2603 791 2648 litteras
807 2626 819 2658 ‚·
837 2619 870 2648 me
881 2601 968 2663 [poem
979 2626 990 2657 ,·
1011 2604 1076 2651 illm
1088 2608 1108 2650 io

240 2659 311 2717 nostro
321 2661 486 2723 potestatofore,
503 2664 549 2712 hoc
560 2662 611 2719 est,
626 2663 695 2711 illum
704 2664 821 2713 foetorum
832 2678 883 2727 qua
892 2664 1019 2714 vellemus
1043 2680 1079 2731 ep.
1086 2678 1105 2715 t.

240 2719 283 2771 lib.
290 2737 326 2772 ¹1.
345 2731 396 2770 cnm
405 2727 445 2787 ipfi
455 2729 479 2773 in
489 2740 528 2774 tuo
540 2728 638 2789 potestate
644 2727 761 2786 fuerimus.
794 2731 870 2776 Gxaev.

272 2799 310 2837 9⁹.
327 2789 427 2843 Quinem
437 2793 571 2836 contentiones
581 2791 710 2847 taluam]
727 2791 814 2839 beiloe
828 2789 966 2854 intelligens
982 2788 1104 2849 dijudicet,

240 2857 333 2904 utrum,
350 2854 470 2907 (annones,
486 2865 511 2899 ut
526 2850 559 2899 est
574 2852 600 2899 in
620 2852 732 2902 omnibus
750 2856 811 2900 meis
832 2855 936 2915 antiquis
952 2851 1045 2910 libris,
1064 2868 1105 2911 ao.

243 2915 396 2968 contonriones,
413 2926 437 2962 ut
448 2913 509 2963 olim
520 2913 629 2976 scriptum
638 2914 686 2965 vidi
700 2918 725 2963 in
742 2916 805 2963 Pauli
818 2917 872 2963 Boti
882 2920 920 2966 Re
937 2914 1010 2965 ienfis
1026 2914 1105 2973 libro,

239 2970 290 3037 legi
305 2987 422 3037 oporteat.
455 2978 478 3024 si
496 2981 634 3043 Contentiones
649 2981 791 3034 retinemus,
806 2977 845 3027 bie
861 2979 904 3026 erit
920 2930 1018 3028 ienmsz
1036 2988 1103 3044 quiam

238 3040 393 3086 veliementer
404 3039 503 3103 Lepidus
515 3042 541 3088 δι
553 3042 672 3089 Antonius
682 3041 754 3089 literis
765 3055 778 3087 a
793 3055 833 3088 me
849 3042 1028 3091 contenderint.
1043 3040 1103 3107 quod

238 3095 357 3160 sequentis
367 3101 470 3164 epistole
481 3102 618 3151 testimonio
633 3102 818 3167 comprobatur,
840 3104 864 3150 in
881 3119 929 3166 qua
944 3104 998 3153 eil:
1016 3106 1106 3168 Lepidus

237 3162 292 3218 torsit
302 3178 335 3207 me
347 3164 374 3214 θ’
384 3165 446 3222 suis,
462 3167 488 3217 (r
502 3169 600 3212 Antonii
610 3169 710 3223 litteris,
730 3180 755 3212 ut
770 3170 870 3228 legionem
885 3170 1020 3229 trigesimam
1036 3170 1107 3215 mt'tto·

237 3236 284 3268 rom
300 3224 349 3281 fibi.
383 3228 423 3274 siu
444 3240 543 3284 autem,
564 3225 688 3285 connino,
704 3229 803 3294 placet:
825 3229 981 3279 vehementes
1002 3226 1104 3286 litterae,

238 3285 322 3347 quales
333 3289 460 3338 conciones
470 3290 500 3339 ad
510 3291 642 3355 populum,
669 3292 706 3341 vel
723 3291 752 3339 ad
772 3290 860 3340 milites
879 3291 951 3350 siunt,
967 3296 1106 3359 interprete·

236 3349 391 3411 murt.quod
408 3364 491 3417 tamen
505 3354 587 3418 paullo
603 3353 681 3402 durius
700 3354 808 3404 videtur:
835 3353 878 3402 nifi
899 3355 917 3404 st
939 3355 1105 3407 ferendumin

235 3406 333 3459 Atinio:
349 3414 414 3477 cujus
434 3414 570 3472 otati'onem
594 3416 677 3471 duam
703 3413 771 3471 fultio
796 3419 893 3469 Tacitus
915 3421 1002 3473 vadet
1023 3419 1063 3470 est·
1077 3422 1102 3467 P:

37 3454 41 3475 ¹
63 3506 175 3664 Ἴ
236 3475 326 3527 Μυκη.
867 3515 872 3529 .
1019 3558 1041 3597 1·
1055 3542 1107 3609 Q,
