2310 3916
250 126 450 195 ·Lrnrn
491 120 714 191 Nouus.
785 164 799 171 -·
881 144 956 213 519,

63 242 145 311 enim
170 238 256 317 (mihi
274 239 368 376 crede}
388 239 489 307 virtute
507 236 680 307 formosius,
699 234 768 299 nihil
793 237 949 315 pulchrius,

67 319 137 381 nihil
159 312 309 378 amabilius.
366 335 463 393 emper
483 315 578 383 amavi
599 315 642 392 (ut
661 313 722 389 leis)
743 313 787 373 M.
807 316 948 393 Brutum,

89 408 185 472 ropter
207 395 263 472 ejus
281 393 424 455 summum
452 394 624 470 ingenium,
642 390 809 453 suavillimos
837 412 948 465 mores,
1035 454 1038 459 ,

67 414 235 550 iugularem
261 473 427 549 probitatem
447 485 475 530 at
495 490 539 541 ue¹
564 467 754 531 constantiam.
780 480 876 530 tamen
896 466 948 532 idi-

70 550 123 610 bus
143 550 247 609 Martiis
268 551 377 613 tantum
399 550 466 608 acc'e
497 562 509 607 t
535 546 572 605 ad
593 563 747 615 amorem,
766 558 798 604 ut
818 549 947 620 mirarer,

69 618 276 688 locumliuiffe
289 624 409 703 augendi
421 627 451 685 in
464 643 502 684 eo
517 660 526 696 ‚
542 623 624 711 quod
640 624 709 681 mihi
719 622 886 699 jampridem
901 623 966 685 cu-¹
981 624 1051 680 mm

72 704 211 762 mularum
232 705 345 763 aetiam
366 701 517 761 videbatur.
555 702 627 776 Qurs
648 711 729 770 erat,
748 701 797 777 qui
835 691 1109 839 utaretdss‘lgfftffi

69 778 188 839 adeum
202 798 347 851 amorem,
366 794 453 857 quem
467 795 531 855 erga
543 789 573 836 te
586 777 739 846 habebam,
755 795 794 853 po
817 796 832 836 e
846 779 929 855 aliqui
954 820 1030 868 M·

70 854 235 927 accedere?
259 856 369 917 tannim
397 855 529 925 accessu,
555 864 587 913 ut
614 853 684 912 mibi
716 870 792 929 nunc
827 854 947 932 denique

70 928 103 987 ‘⁷
111 950 206 992 amare
220 933 332 1006 videar,
351 930 431 992 antea
452 926 581 991 dilexisse.
636 947 702 988 uare
736 929 784 989 uid
797 930 854 1002 est,
869 933 948 1009 quod

69 1026 130 1084 ego
149 1021 178 1068 te
192 1011 342 1081 aborret,
361 1022 393 1068 ut
412 1008 538 1085 dignitati
556 1008 587 1067 &
635 1008 704 1065 oriae
716 949 841 1067 (lerviasl
861 1016 972 1085 opio-¹¹
986 1006 1073 1064 hono:

71 1102 181 1161 ponam
195 1088 245 1146 tibi
258 1087 345 1146 claros
359 1086 449 1155 viros,
469 1084 548 1162 quod
560 1084 651 1142 facere
676 1082 764 1143 solent
777 1124 787 1154 ,
813 1085 862 1161 qui
882 1089 947 1146 hor·
956 1073 1010 1121 ⁸¹⁸·

70 1161 187 1220 tantur?
207 1165 351 1224 neminem
366 1163 456 1221 habeo
473 1162 641 1231 clariorem,
666 1159 753 1237 quim
773 1160 898 1237 teipsum.
918 1147 997 1246 tess,³
1021 1203 1088 1251 MSS

72 1239 208 1298 limitere
221 1253 349 1318 oportet:
368 1251 463 1298 tecum
477 1237 533 1314 ipse
554 1251 648 1297 certes.
667 1246 725 1296 qne
745 1237 812 1296 licet
830 1240 944 1316 quidem
954 1273 970 1323 p
984 1232 1096 1316 fimi*

72 1315 126 1374 tibi
134 1316 195 1390 jam
205 1319 302 1388 ,tantis
316 1317 394 1376 rebus
408 1316 503 1392 gellis,
521 1333 581 1376 non
595 1313 761 1375 tuifimilem
775 1311 836 1374 esse.
857 1318 945 1391 Quod
954 1326 1007 1375 me.

72 1389 142 1449 cum
162 1394 200 1453 ita
220 1394 276 1465 stt,
295 1394 417 1454 hortatio
436 1411 498 1452 non
517 1392 556 1451 est
575 1386 746 1461 neceffarit,
765 1391 969 1467 gramationen
983 1389 1028 1434 ‘¹¹³'
1039 1404 1095 1444 w·

70 1469 163 1555 magn
177 1470 314 1530 utendum
335 1469 381 1530 en
419 1470 565 1546 reontigit
586 1469 662 1528 enim
681 1468 730 1526 tnr
746 1510 755 1536 ,
774 1469 853 1603 {md
871 1452 1097 1569 nauum-§.³23

70 1534 132 1603 scro
145 1564 182 1605 an
202 1549 333 1618 nemini,
358 1558 390 1607 ut
409 1546 516 1606 summa
535 1545 661 1604 severitas
680 1545 772 1603 anima
792 1545 923 1606 versionis
938 1576 988 1640 ’gir
998 1580 1045 1626 us
1090 1569 1097 1579 ·
1148 1600 1153 1613 ,

72 1638 136 1680 non
150 1623 240 1682 modo
254 1643 314 1685 non
330 1623 481 1694 invidiosa,
499 1622 545 1682 sed
558 1624 642 1682 etiam
655 1620 793 1697 popularis
813 1620 895 1692 effer,
915 1626 946 1682 ὃς
1043 1612 1057 1630 ”

73 1695 142 1757 clm
157 1700 235 1760 bonis
249 1702 394 1772 omnibus,
408 1713 470 1760 tum
484 1699 583 1759 infimo
598 1700 698 1776 cuique
711 1698 864 1774 gratillima.
879 1701 947 1759 Hoc

73 1771 96 1832 fi
115 1775 165 1835 tibi
185 1778 296 1838 fortuna
314 1779 435 1857 quadam
456 1773 610 1853 contigillet
626 1821 634 1845 ,
653 1775 799 1853 gratularer
826 1777 949 1836 felicitati

73 1860 155 1910 tuae:
176 1852 223 1915 sed
236 1856 354 1933 contigit
367 1855 556 1931 magnitudine
571 1852 636 1912 cum
656 1853 741 1912 animi
757 1895 766 1921 ,
785 1864 846 1911 turn
862 1855 945 1913 etiam

73 1924 105 1985 ln
126 1930 180 1989 enii
200 1943 283 2009 atque
311 1930 425 1990 consrlii.
463 1924 535 2006 Legi
562 1932 638 1989 enim
659 1929 829 1989 concionem
857 1931 975 1990 tuam.1‘·
991 1937 1096 1993 “mvl

99 2004 135 2015 ”
170 2007 215 2067 illa
239 2004 392 2085 sapientius.
418 2007 457 2067 ita
476 2005 648 2083 pedetentim
674 2008 705 2068 &
730 2005 863 2080 gradatim
884 2020 946 2067 tum

73 2078 195 2142 accellm
208 2083 224 2143 d
237 2097 268 2143 te
281 2085 316 2144 ad
330 2084 439 2144 causam
453 2083 518 2143 faeci
532 2094 542 2154 ¹,
560 2096 622 2143 tum
639 2079 772 2155 recessus,
790 2096 822 2143 ut
834 2102 876 2142 res
889 2084 944 2220 igsa

70 2161 280 2220 ‘maturitatem
294 2163 343 2221 tibi
356 2160 593 2221 animadvertendi
607 2161 737 2220 omnium
751 2157 881 2220 concessu
914 2178 962 2220 a-⁵
977 2164 1071 2214 aliiait-

72 2247 126 2295 ret.
165 2236 296 2297 Liberasti
309 2240 322 2296 i'
339 2232 391 2297 'tur
404 2240 434 2297 bc
453 2237 551 2296 urbem
571 2237 720 2314 peritum,
751 2239 783 2296 &
801 2225 1095 2297 civitatemstmitw

73 2322 171 2373 metu:
191 2333 284 2392 neque
321 2314 398 2373 olbm
419 2314 454 2373 ad
481 2327 589 2390 tempus
602 2314 772 2373 ‘maximam
797 2314 958 2373 utilitatemt
977 2338 1093 2391 magnam

72 2389 201 2460 attulisti,
219 2391 265 2450 sed
279 2391 411 2450 etiamad
431 2391 591 2468 exemplum
612 2392 685 2451 fater.
723 2390 877 2466 intelligere
897 2391 1006 2450 de-MS·

71 2465 140 2535 bes,
166 2469 244 2526 inte
263 2469 402 2544 vposrtam
423 2465 477 2526 effe
497 2468 717 2544 rempublicam,
751 2468 856 2543 tibique
882 2485 966 2530 none
980 2478 1069 2546 repoti-

73 2541 166 2600 modb
180 2545 316 2616 tuendos,
335 2544 382 2604 sed
402 2547 485 2604 etiam
509 2544 646 2604 ornandos
665 2540 720 2605 effe
741 2544 801 2602 illos
816 2545 907 2614 viros,
925 2544 1002 2604 itam
1011 2546 1065 2597 aba

73 2619 172 2695 quibus
185 2622 296 2681 initium
316 2620 443 2681 libertatis
463 2621 620 2699 profetlum
636 2620 681 2680 est.
721 2618 774 2678 Sed
793 2620 834 2678 his
854 2619 889 2679 de
902 2638 946 2680 re·
1052 2628 1055 2639 ’

72 2694 124 2754 bus
138 2713 235 2757 coram
247 2698 323 2775 plura
337 2697 517 2776 propediem,
537 2710 568 2757 ut
580 2697 667 2774 spero.
706 2696 756 2757 Tu
769 2715 857 2774 quum
870 2716 945 2757 rem

893 2794 946 2852 pu-

104 2964 144 3017 67⁴
162 2963 251 3010 Amne
265 2959 361 3019 videar,
382 2972 445 3010 antea
458 2953 573 3022 dinami
603 2960 701 3025 Diligere
716 2954 790 3011 levius
805 2958 856 3017 est,
872 2970 945 3024 quam

72 3028 171 3074 Amare.
187 3025 213 3073 in
223 3024 323 3090 epistola
332 3023 363 3074 ad
373 3030 409 3075 Μ.
421 3031 519 3074 Brutum
533 3038 540 3070 t
558 3024 643 3073 clodius
657 3025 723 3072 valde
737 3042 770 3072 me
785 3026 878 3085 diligit,
893 3025 944 3078 vel,

70 3100 98 3136 nt
113 3088 315 3148 iuventamn,
329 3090 396 3135 valde
405 3105 439 3136 me
448 3101 515 3137 amat.
540 3101 578 3151 ep.
589 3101 627 3147 47.
644 3085 684 3137 lib.
697 3102 758 3137 xrrr.
774 3087 840 3149 Qid
853 3100 888 3147 ego
902 3085 945 3133 tibi

70 3151 213 3198 commodem
230 3169 298 3208 eum,
316 3166 379 3215 quem
394 3163 419 3199 tn
432 3153 473 3213 ipse
492 3150 592 3212 diligis?
612 3151 651 3211 sed
665 3163 754 3206 tamen,
781 3163 806 3198 ut
814 3150 879 3209 scires
893 3165 944 3194 em

69 3228 112 3260 non
127 3231 143 3260 a
156 3230 190 3261 me
201 3216 268 3262 diiii
277 3216 371 3275 solum,
388 3227 466 3262 aerum
480 3219 547 3261 etiam
566 3216 659 3270 amari,
685 3216 708 3260 ab
722 3229 770 3260 eam
784 3229 830 3260 rem
846 3212 889 3260 tibi
902 3214 945 3260 hae

64 3276 143 3336 scribe
176 3281 233 3325 Eta
259 3282 297 3328 Μ,
308 3283 406 3326 Brutum
420 3275 482 3341 apud
497 3277 607 3325 Nonium
623 3291 630 3322 ε
648 3276 800 3323 „Aur-amabis
820 3292 871 3331 me,
886 3288 944 3331 aut,

70 3354 113 3449 {aa
127 3353 234 3388 contentus
244 3343 313 3403 sum,
328 3342 413 3404 diliges.
446 3340 569 3393 Terentius
579 3353 676 3404 quoque
685 3352 711 3388 ut
722 3337 812 3388 diversa
825 3336 901 3403 posuit
915 3338 943 3384 in

93 3416 132 3452 un.
149 3409 198 3450 Noa
208 3406 246 3470 pol
251 3439 260 3466 ,
274 3421 316 3470 qno
326 3420 447 3471 qumquam
457 3403 508 3470 plut
522 3419 606 3463 amem,
620 3416 659 3453 aut
670 3405 720 3468 ptus
735 3405 841 3467 diligam,
856 3419 878 3448 eo
889 3398 945 3457 feci.

68 3465 97 3518 r·
108 3469 205 3532 m
840 3532 877 3573 68.
894 3525 947 3570 Pm-
