2310 3916
210 134 270 218 632
312 128 423 202 Errsr.
437 149 489 200 an
510 114 1028 214 cn.1²rrncon,rrerrmos

210 247 277 307 tus,
296 239 326 297 iu
346 239 518 312 provinciam
540 255 634 299 meam
656 239 774 295 venire:
795 253 862 293 curn
877 238 1009 313 enercitu
1022 252 1081 317 meo

211 322 240 366 ³²
249 316 287 379 alr
297 314 456 373 confluente
470 315 611 375 Rhodano
631 313 714 373 casira
735 313 839 383 movi,
859 331 893 372 ac
913 325 1018 373 contra
1041 330 1081 372 eos

210 392 305 449 venire
325 391 435 449 institui.
474 393 571 468 ltaque
599 390 738 451 continuis
756 390 899 448 itineribus
919 390 959 465 ad
983 388 1081 448 Forum

82 500 85 507 ·
104 498 109 509 ·
196 464 383 525 ·Vocontiunr
397 468 480 536 veni,
500 470 530 527 ὃ(
543 464 629 537 altri,
648 467 730 525 castra
744 466 778 524 ad
793 466 899 525 flumen
913 466 1080 542 Argentium

61 548 344 602 r.er.'xnrr.33contra
363 545 524 603 Antoninos
545 544 609 603 feci
647 544 676 602 P.
697 542 843 601 Ventidius
872 544 931 601 suas
963 543 1080 619 legiones

206 630 263 679 tres
275 620 421 696 conjunxit
434 638 501 679 cum
515 639 569 692 eo,
589 622 619 680 δι
633 620 702 680 ultra
717 637 764 678 mc
778 618 860 678 castra
873 618 980 695 posuit.
1005 620 1079 753 ἣξε-

1056 709 1078 765 12

198 883 331 935 acceptum
340 867 412 918 semel
422 863 447 918 id
457 864 612 920 sacerdotium
624 869 710 934 aliquis
721 866 763 918 nisi
774 880 852 918 morte
862 867 1004 916 amittebat.
1015 865 1076 929 Quod

209 936 235 983 in
246 935 336 998 Lepido
347 934 394 980 hoc
410 933 559 982 manifestum
574 934 625 984 est:
640 943 696 982 cum
707 935 773 981 enlm
787 946 843 981 eum
858 931 1006 995 provincia,
1022 940 1076 983 exer,-

210 1000 276 1052 citu,
293 998 408 1059 omnique
417 995 532 1060 dignitate
543 995 660 1061 spoliasset
676 995 809 1059 Augustus,
824 1007 954 1056 nunquam
972 990 1075 1040 aususes

211 1058 379 1125 pontificatum
389 1059 410 1106 ei
423 1062 528 1123 eripere,
544 1074 616 1123 quern
626 1060 670 1107 illo
683 1071 780 1107 mortuo
795 1054 839 1104 sibi
856 1056 940 1105 statim
958 1054 1075 1117 assurnpsrt

214 1125 327 1172 usuarias.
347 1128 401 1183 [ηιμ.
414 1125 512 1180 iterum]
527 1126 577 1173 Cur
585 1123 697 1170 nonnulli
705 1121 768 1169 hauc
778 1118 965 1183 castigationem
974 1130 1076 1182 tantope-

213 1200 238 1233 re
249 1186 419 1240 criminentur,
435 1200 485 1232 non
494 1184 578 1234 rideo:
595 1184 612 1233 fi
623 1185 745 1250 castigatio
756 1183 869 1247 appellari
880 1180 963 1245 potest
974 1205 983 1237 a
1000 1183 1026 1231 δι
1035 1194 1076 1251 uon
1121 1206 1122 1243 3

211 1249 291 1311 potins
319 1249 416 1310 antiqua
436 1249 461 1296 δι
486 1247 575 1296 sincera
588 1248 679 1302 lesbio,
694 1246 813 1301 fideliter,
828 1246 854 1292 in
870 1244 990 1294 Mediceo
1008 1242 1075 1292 codice
1120 1283 1122 1292 ,

212 1325 313 1374 quatuor
323 1310 382 1358 locis
393 1309 547 1368 conservata,
563 1315 588 1360 δι
603 1325 665 1359 nunc
679 1311 704 1358 iu
718 1308 784 1363 suam
795 1306 874 1356 sedem
885 1309 916 1359 in
928 1305 1074 1361 omnibusli
1120 1313 1122 1366 ᾖ

212 1371 259 1421 beis
274 1371 384 1422 restituta.
408 1373 610 1437 quemadmodum
630 1375 695 1421 cuim
715 1373 753 1421 hic'
769 1372 823 1419 ante
838 1368 954 1433 epistolas
971 1367 1033 1434 ipsas
1048 1364 1074 1417 bit

212 1440 257 1497 ,imp
279 1441 326 1484 iter.
339 1436 362 1483 le
379 1437 442 1492 itur,
456 1438 489 1484 ita
504 1440 576 1485 etiam
593 1439 618 1484 'm
632 1435 709 1484 indice
725 1435 778 1483 libri
792 1434 827 1482 bis
839 1467 846 1489 ‚
860 1433 901 1481 ubi
919 1434 1043 1488 brutuli,
1056 1435 1073 1480 dt
1121 1437 1122 1445 ’

211 1498 280 1546 iniria
291 1451 440 1562 epistosarum
451 1499 600 1548 adnotantur.
634 1504 683 1547 Cur
692 1500 762 1562 igitur
771 1495 916 1546 credendum
932 1494 968 1544 est
984 1508 1074 1543 nonne

211 1563 246 1626 gli
264 1575 345 1610 entem
355 1563 457 1609 omnino
466 1561 586 1611 librarium
596 1565 621 1610 in
631 1562 715 1618 eadem
731 1576 790 1630 noce
803 1560 893 1623 semper
957 1555 1023 1630 cesse
1036 1560 1074 1623 ,st

211 1577 299 1687 eodem
310 1624 382 1673 etiam
393 1624 463 1687 pauo
479 1622 602 1689 peccasse?
618 1630 646 1672 ln
663 1624 801 1689 quibusdam
818 1638 892 1671 manu
921 1624 1008 1686 criptis
1022 1619 1074 1691 libn't

211 1691 253 1735 Ter
267 1688 329 1750 legi,
345 1702 385 1735 me
395 1698 516 1750 nunquam
532 1689 618 1743 latuit,
639 1691 696 1752 quin
712 1688 827 1751 explicavi
842 1685 907 1733 unde
927 1682 993 1732 istud
1009 1696 1074 1733 ortum

208 1746 265 1798 esset
277 1763 388 1798 accurare.
422 1755 462 1797 An
473 1750 512 1798 alii
522 1750 568 1799 hoc
582 1749 709 1814 usurparint
721 1764 776 1798 aute
786 1748 916 1812 Rempubl.
938 1747 970 1796 ab
981 1753 1020 1795 Au

209 1810 354 1876 oppressam:
372 1825 396 1860 ut
407 1815 499 1876 quoties
511 1819 586 1878 lmpp.
600 1814 712 1876 appellati
724 1811 782 1868 sint,
800 1811 831 1859 ob
843 1827 895 1859 rem
905 1810 972 1860 bene
984 1817 1013 1874 g'
1034 1820 1074 1864 arn,

207 1877 280 1925 toties
295 1877 320 1923 in
331 1875 416 1933 ritulis,
431 1875 637 1940 monumentisque
654 1876 678 1925 id
692 1877 771 1925 notari
786 1875 905 1923 voluerint
918 1908 926 1931 ,
940 1874 1007 1923 mibi
1021 1888 1075 1931 cou-

207 1951 301 2002 pctttun
311 1937 411 1987 nonest.
444 1935 564 2002 Usurpasse
574 1939 704 2003 Lepidum,
716 1939 823 2001 quamvis
834 1937 932 1985 nullum
944 1937 1016 1987 aliud
1025 1934 1076 1985 tessi³

210 2002 320 2049 monium
331 1999 445 2056 habeam,
461 2016 533 2072 quam
543 2001 670 2066 priscorum
679 2001 800 2056 codicum,
816 1999 984 2049 affirmarem:
1001 2000 1076 2049 narnia

210 2068 234 2112 S.
242 2066 271 2111 C.
285 2062 350 2126 quod
362 2062 391 2111 de
402 2062 451 2126 ipso
464 2065 553 2112 tastum
564 2066 610 2121 esi,
627 2068 652 2113 δι
663 2079 676 2113 a
689 2068 804 2115 Cicerone
818 2065 843 2112 in
859 2064 978 2123 oratione
989 2078 1013 2114 v.
1029 2077 1076 2111 con·

210 2139 248 2173 tra
259 2127 392 2173 Antonium
401 2123 522 2188 pomum,
538 2127 586 2176 vidi
601 2129 710 2190 antiquos
725 2126 816 2181 libros,
855 2127 879 2174 ni
895 2128 1006 2177 eundem
1025 2126 1076 2174 huuc

211 2189 308 2237 titulum
319 2187 442 2237 servarent.
475 2190 573 2253 Quodsi
586 2192 728 2253 argumentis
739 2192 764 2237 in
782 2141 947 2246 hujuscemodi
964 2188 1033 2238 rebus
1047 2189 1076 2236 lo·

210 2265 251 2298 cns
262 2250 308 2307 est,
324 2253 455 2319 quamvisa
471 2253 541 2300 nullis
558 2268 626 2300 antea
642 2253 688 2300 hoc
705 2252 884 2317 imperatoribus
901 2247 1075 2316 usurpatumes·

211 2312 265 2369 set,
281 2329 331 2361 non
346 2315 441 2362 mirarer
452 2318 486 2363 Le
503 2315 568 2364 idum
578 2314 739 2371 levissimum,
755 2330 781 2362 ac
796 2313 993 2364 uentosissimum
1009 2314 1076 2363 homi*

211 2392 283 2432 nem,
297 2376 343 2425 hoc
370 2377 456 2425 timum
465 2331 590 2443 udirpasse:
607 2377 636 2427 ab
647 2380 728 2443 aliquo
738 2378 803 2427 enim
813 2377 862 2435 bec
874 2376 1028 2441 consuetudo
1041 2375 1077 2425 flu

210 2441 271 2487 sterit
282 2454 339 2487 nece
358 2438 419 2489 eest.
437 2442 495 2486 Idem
507 2442 610 2502 inposter.
642 2447 676 2492 M.
694 2444 833 2490 LEPIDvS
848 2445 917 2491 [ΜΡ.
936 2442 1078 2510 ΠΕῚΨΜ]

211 2503 333 2566 Inscriptio
345 2503 412 2561 huius
422 2502 524 2566 epistolae
535 2507 560 2554 δι
572 2503 705 2570 sequentis,
721 2508 746 2553 in
761 2503 921 2568 manuscripto
938 2496 1012 2555 aliter
1026 2504 1077 2567 legi·

211 2578 267 2620 tut,
281 2569 316 2614 M.
329 2567 421 2627 Lepidus
432 2572 549 2629 Imperator
560 2573 620 2616 Pont.
633 2571 697 2617 Max.
714 2574 742 2616 In
758 2567 859 2616 denariis
880 2581 947 2616 certe
964 2582 1027 2633 quos
1040 2562 1076 2631 ipsi

211 2627 327 2684 vidimus,
343 2632 377 2677 M.
391 2632 483 2690 Lepidus
494 2637 548 2693 [ηιμ.
558 2635 636 2677 iterum
646 2646 769 2694 nunquam
780 2630 919 2694 appellatur.
950 2634 1049 2691 visinat.
1072 2666 1075 2673 -

244 2707 280 2744 32.
299 2693 340 2736 tssb
353 2694 465 2750 confluente
480 2696 602 2760 Qudnam]
618 2699 699 2741 Tanto:
711 2693 771 2757 apud
783 2708 822 2741 me
832 2693 986 2743 austeritatis
996 2694 1041 2751 est,
1054 2690 1078 2741 ἐ

211 2754 297 2800 merito
309 2753 545 2816 quidem,Mediceus
557 2756 648 2812 codex,
664 2769 688 2804 ut
700 2756 834 2819 scripturam
842 2756 893 2814 ejus
905 2771 1035 2822 nunquam
1042 2768 1078 2820 per

209 2815 273 2862 nitus
285 2816 418 2879 negligam,
432 2821 540 2880 quamvis
550 2820 574 2866 in
585 2834 624 2875 ea,
640 2834 712 2882 quam
723 2821 760 2867 hic
771 2817 839 2866 babet
850 2851 858 2873 ‚
874 2821 1029 2869 mactrlarum
1040 2818 1078 2867 ali·

209 2878 270 2941 quid
285 2880 386 2927 omnino
401 2877 436 2928 sir.
471 2883 506 2929 Sic
523 2894 602 2930 autern
619 2884 645 2929 in
662 2883 706 2930 illo
727 2883 829 2946 legitur,
843 2883 886 2928 tAb
906 2885 1025 2942 confitente
1035 2868 1078 2939 ,rs

208 2944 312 3007 Rhodano
325 2975 332 2996 ‚
346 2956 370 2989 ut
382 2939 478 2991 fortasse
488 2944 624 3008 posteriores
634 2943 684 2992 duae
694 2959 764 2992 voces
776 2944 849 2992 ambae
860 2956 952 2994 vacent
964 2963 971 2993 =
989 2940 1077 3001 &illud

209 3006 236 3050 ab
251 3005 353 3071 Rhodani
364 3005 491 3054 declaratio
503 3005 531 3055 srt
543 3008 647 3071 priorum
657 3022 756 3055 vocum:
773 3021 829 3054 nam
839 3003 856 3053 fi
868 3007 942 3057 tertia
953 3008 970 3058 s
980 3008 1042 3059 urba
1051 3006 1076 3055 ei
1121 3026 1122 3035 ¹

209 3074 241 3114 'eo
251 3064 358 3115 tollenda
368 3067 415 3123 esta
431 3080 455 3115 ut
468 3071 494 3117 in
505 3069 618 3134 imprcffis
629 3084 690 3118 nunc
701 3069 746 3127 est,
763 3066 865 3135 spatiani
883 3069 935 3119 fort
971 3070 987 3122 'e
1001 3070 1077 3121 mosim
1118 3066 1122 3099 ¹

209 3129 337 3193 legeretur,
353 3129 384 3178 stc
395 3133 460 3178 enim
471 3132 592 3183 Tacinlib.
601 3149 664 3183 xrrr.
684 3132 775 3181 locutus
786 3131 833 3180 est:
845 3135 979 3195 Confluentes
988 3128 1077 3185 Mi&
1116 3129 1122 3162 s

210 3195 297 3240 addaiu
308 3196 426 3252 fluminum
437 3208 489 3243 xvi.
504 3198 552 3241 inde
566 3200 664 3243 millium
673 3198 743 3257 stratio
761 3196 860 3256 distantes
874 3200 984 3257 petebanta
1017 3184 1078 3248 ΝΗ
1117 3194 1122 3226 t

208 3256 264 3302 certi
277 3255 403 3312 habemus,
419 3259 445 3305 &
457 3258 731 3315 tamenhancrcnucm5
749 3261 774 3307 bc
797 3257 895 3308 fortasse
910 3261 1016 3311 inanem
1033 3260 1078 3310 aas
1116 3239 1122 3290 Ε

209 3317 397 3366 madversronem
408 3319 529 3368 adnotasse
539 3321 597 3384 qttid
606 3318 699 3370 obsint?
717 3324 827 3372 Vicsorius.
1002 3375 1007 3386 ,

195 3412 197 3417 -
242 3396 278 3433 33.
297 3388 371 3427 santra
382 3387 508 3429 Antoninos
519 3385 583 3443 feria]
609 3387 749 3432 Lestionenr
764 3384 825 3432 hanc
836 3395 923 3447 utpote
939 3372 1076 3436 ve't’issimffl
1116 3374 1122 3416 ἲ

163 3452 165 3456 ·
208 3431 319 3493 debemur
330 3446 443 3508 excerptis
454 3448 575 3497 vaticani:
592 3446 648 3499 ciam
658 3447 775 3500 virbonus
785 3446 884 3499 ediderit
897 3455 1031 3507 „inaniori
1044 3460 1076 3495 ea·

1000 3506 1078 3574 bend
1116 3508 1122 3565 Ι
