2310 3916
123 206 128 217 ,
213 109 275 189 ⁶582
330 123 451 191 Errat.
468 141 520 195 au.
538 120 771 202 emissan,
792 141 837 202 ur
850 140 1011 197 empetros

215 248 253 293 re.
293 234 388 310 Quare
402 233 481 311 qudd
494 232 584 294 scribis
598 231 761 303 confidere,
780 233 946 298 auctoritate
961 280 971 307 ‚
993 236 1025 295 &
1039 238 1099 302 elo-3

215 312 329 388 quentia
350 309 441 370 nostra
468 309 571 387 aliquid
598 308 697 386 profici
718 302 819 386 posse:
839 313 994 383 nonnihil,
1014 327 1047 376 ut
1065 304 1097 380 im¹

213 388 418 458 tantis-malis,
439 387 476 447 est
504 387 672 464 profedum.
712 387 842 464 Intelligit
870 391 956 449 enirm
976 392 1094 468 populun

58 479 206 537 kteenrav.
216 464 362 525 Romanus
375 478 429 524 tres
443 462 497 525 effe
513 464 683 535 consulares,
704 465 772 540 qui,
792 466 879 542 ¹‘quia
900 466 936 526 de
957 468 1094 544 repumca

62 548 185 615 arcique,
215 541 287 601 bene
300 541 445 612 senserint,
465 540 549 602 libere
563 543 651 601 locuti
666 542 750 611 sunt,
769 541 832 602 tuti]
853 544 884 602 in
906 543 1033 605 senatum
1048 565 1096 606 ve·

64 623 124 675 quae.

214 620 274 678 nire
288 619 470 696 nonpoffint.
512 620 609 677 ¹3Nec
633 617 670 680 est
711 618 824 678 raeterea
847 618 925 695 qudd
940 622 1094 700 quidquam

214 695 360 771 exspectes.
400 696 481 756 Tuus
503 697 580 755 enim
602 711 673 755 nece
695 697 763 754 arius
791 696 924 756 affinitate
944 717 1022 758 nova
1048 700 1096 760 de·

213 771 335 833 lediatur.
376 773 473 850 Itaque
483 774 543 850 jam
558 791 618 832 non
633 773 670 831 est
683 772 814 831 studiosus
827 773 960 833 ludorum
975 819 984 845 ,
1004 775 1094 838 infini-

112 870 132 916 ,··
214 861 303 928 toque
316 850 403 909 fratris
423 852 464 910 tui
485 849 578 926 plausu
590 848 777 924 ¹dirumpitur.
816 849 896 929 Alter
920 852 991 911 item
1005 852 1092 914 affinia

81 931 86 942 '
166 925 173 983 .’
214 929 296 987 novis
311 929 519 988 commentariis
535 925 647 985 Caesaris
668 925 795 986 delinitus
817 925 864 985 est.
903 927 957 987 Sed
970 929 1036 988 haec
1050 943 1093 1003 tp-

213 1003 348 1075 lerabiliar
369 1003 436 1063 illud
456 1022 516 1064 non
536 1003 708 1072 ferendum,
727 1002 806 1080 quod
830 1003 893 1073 est,
919 1003 972 1082 qui
1003 1007 1093 1068 vestra

214 1096 291 1141 armo
304 1075 392 1140 filium
414 1080 492 1140 suum
506 1080 649 1153 consulem
664 1081 789 1138 futurum
804 1092 900 1155 putet,
920 1082 959 1141 ob
972 1099 1092 1162 eamque

216 1157 325 1217 causam
336 1156 368 1217 se
381 1159 447 1219 huic
460 1157 560 1216 latroni
573 1156 707 1216 deservire
721 1174 779 1232 prae
801 1155 828 1215 se
842 1159 920 1216 ferat.
960 1159 1039 1219 Nam
1059 1161 1092 1232 L.

216 1235 301 1309 Cotta
317 1235 455 1294 familiaris
474 1251 576 1311 meus,
596 1232 671 1293 fatali
691 1233 811 1311 quadam
832 1233 1044 1311 desperatione,
1062 1248 1092 1297 ut

213 1312 269 1383 ait,
288 1312 379 1372 minius
395 1312 424 1371 in
438 1310 562 1371 senatum
577 1311 664 1370 venit.
702 1310 736 1379 L.
758 1308 873 1380 Caesar,
892 1311 1045 1388 optimus,
1062 1315 1093 1374 δι

212 1388 372 1448 foniffimus
384 1389 470 1458 civ's,
490 1387 647 1447 valetudine
660 1385 818 1462 impeditur.
857 1387 913 1446 Ser.
941 1386 1092 1465 salpicum

214 1466 246 1524 ὃς
259 1465 366 1524 summa
379 1407 566 1534 audioritate,
586 1466 616 1523 dc
636 1463 743 1539 optimi
763 1463 903 1533 sentiens,
924 1482 985 1535 non
1007 1465 1088 1526 adest.
1122 1490 1125 1495 ·

215 1542 366 1621 Reliqum,
387 1542 508 1617 exceptis
529 1539 696 1616 defignatis,
716 1539 826 1675 ignosce
848 1542 943 1610 mihi,
964 1540 1014 1601 ¹¹¹fi
1034 1562 1090 1605 non

215 1636 336 1678 numero
363 1618 523 1678 consulares.
562 1618 656 1676 Habes
682 1635 717 1675 au
746 1634 806 1674 ores
833 1616 939 1677 consilii
964 1619 1090 1694 publici:

216 1697 265 1773 qui
284 1713 414 1755 numerus
441 1695 526 1754 etiam
552 1693 631 1753 bonis
650 1693 729 1753 rebus
761 1693 874 1768 exiguus
903 1686 996 1764 effet',
1024 1695 1090 1775 quid

216 1771 308 1832 censes
327 1770 463 1848 perditis?
490 1773 585 1847 Quare
612 1770 668 1846 spes
697 1769 735 1827 est
754 1772 846 1828 omnis
864 1772 894 1829 in
914 1771 997 1830 vobis
1015 1793 1024 1831 r
1043 1772 1089 1851 qui

215 1845 236 1907 fi
255 1849 359 1909 idcirco
379 1847 490 1918 abestis,
510 1860 541 1907 ut
559 1846 612 1906 srtis
631 1849 660 1905 in
673 1858 752 1915 tuto;
765 1864 809 1905 ‚ne
828 1848 858 1906 in
872 1848 1088 1935 vobislquidem.

215 1924 255 1985 sm
271 1925 375 2003 aliquid
393 1925 508 2002 dignum
531 1924 615 1983 vestra
636 1922 722 1999 gloria
745 1923 870 1998 cogitatis
876 1946 886 1992 ;
907 1922 995 1984 vehm
1016 1924 1088 1985 salvia

113 2050 121 2065 .
161 2048 169 2068 .
215 2002 304 2063 nobis.
329 2000 370 2061 sin
390 2002 419 2063 id
439 1999 553 2072 minus,
573 2018 614 2060 res
634 2013 729 2060 tamen
749 1998 926 2077 publica‘per
940 2018 994 2060 voa
1015 2002 1088 2065 brevi

935 2146 938 2151 ,
1020 2090 1088 2139 teme

210 2274 292 2322 autem
303 2274 385 2320 erant,
401 2262 443 2328 qui
454 2265 589 2328 Lycurgum
600 2258 707 2336 imitati,
725 2258 848 2325 po'e'ticatn
865 2273 969 2336 omnem
982 2260 1088 2325 ejicerem

210 2325 657 2452 ἷῐὲἓῖᾶῗῗὲἷέἓῖἑὴὲἶοίἒοῑὲᾦῗῗιὲἷ
668 2321 1087 2452 dffludsyffisffifgiiffiffi

210 2454 365 2517 particulam,
379 2467 434 2513 curn
443 2450 609 2517 manuscripti,
625 2450 666 2515 qui
676 2449 781 2499 melioris
793 2461 858 2499 nota
869 2448 935 2511 suut,
952 2453 1087 2507 insudate·

209 2517 309 2567 tineam.
331 2515 406 2566 druto
421 2529 500 2564 autem
517 2513 564 2563 hae
581 2511 708 2579 depravata
727 2514 855 2578 corrumpit
876 2527 979 2563 omnem
997 2510 1086 2576 senten-

209 2579 293 2637 tiam,
319 2595 370 2644 qua
390 2573 563 2646 elegantissima
583 2575 616 2626 est
637 2609 645 2635 ,
677 2574 816 2626 &summo
843 2575 944 2626 artificio
973 2572 1083 2642 expressa.

210 2644 325 2693 Wdieriees.
346 2649 428 2690 Vemere
440 2645 477 2703 suo
488 2659 563 2698 mere,
580 2657 620 2688 reon
632 2642 719 2696 dicere]
737 2638 785 2688 Pal.
799 2636 842 2690 sec.
854 2651 882 2688 ac
892 2641 971 2705 quint.
991 2647 1084 2699 Venere,

146 2714 149 2721 ’
208 2718 252 2751 eren
265 2707 333 2753 dicere
348 2704 466 2771 expuncta
480 2704 524 2754 illd
544 2701 601 2769 bigi
621 2703 759 2752 vocularum
775 2704 815 2764 suo
830 2720 895 2754 more.
919 2706 992 2755 Grut.
1015 2707 1088 2769 itque

209 2769 306 2827 emm'bres
317 2769 345 2828 est
354 2771 429 2830 ve'fus,
445 2782 470 2816 ret
479 2770 509 2815 ed
524 2781 543 2813 re
554 2781 616 2814 antea
624 2766 699 2828 stripfi
711 2799 719 2823 ,
734 2783 819 2815 vomere
834 2783 938 2823 vomere,
954 2784 996 2814 non
1011 2768 1087 2818 δίκη.

208 2844 262 2894 quae
272 2831 332 2881 mihi
344 2828 453 2898 scriptura
461 2847 512 2881 non
522 2843 584 2882 vana
594 2829 696 2879 omnini>
709 2826 813 2886 videtur,
827 2827 1030 2894 quandoquidem
1045 2833 1086 2880 Pa-

209 2894 280 2959 larini
290 2895 389 2959 reliqui,
421 2912 431 2944 r
448 2906 592 2958 remquam.
604 2893 697 2956 fcripst,
712 2908 807 2940 vomeres
822 2911 907 2942 vomere
922 2927 931 2949 ,
958 2911 1000 2941 non
1019 2894 1089 2949 dim.

209 2953 382 3023 repraesentant.
430 2953 462 3007 ud
479 2972 576 3022 quoque
586 2953 720 3005 monendus
730 2952 763 3003 est
779 2953 874 3014 ledor,
890 2953 979 3005 ubicun
997 2971 1028 3007 ue
1038 2969 1089 3007 vet·

210 3017 269 3081 irum
279 3018 312 3070 est
324 3035 456 3086 recuperare,
472 3020 624 3075 Mediceum,
639 3031 664 3067 ut
675 3030 775 3067 annotat
789 3023 808 3067 E
827 3019 925 3083 narius,
941 3016 1000 3075 scti¹
1027 3034 1043 3071 e
1056 3037 1089 3069 rea

208 3086 315 3148 esperare,
332 3084 398 3150 quod
415 3085 475 3134 mihi
484 3085 569 3135 metim
577 3081 679 3143 omnini>
691 3079 788 3130 videtur.
805 3033 826 3129 d
834 3092 885 3131 non
895 3078 987 3149 semper
1001 3083 1091 3141 immun

211 3148 274 3205 tati,
291 3147 433 3199 verecundia
444 3164 502 3197 meae
511 3144 659 3197 tribuendum
669 3142 710 3194 est.
717 3142 784 3209 supra
793 3142 856 3195 reste
867 3145 989 3194 libertatern
1000 3147 1091 3201 &rem

209 3212 269 3274 publ.
283 3215 404 3275 reciperare.
438 3209 556 3263 Gebhard.
713 3242 716 3250 ·
924 3252 928 3261 .

246 3288 282 3329 13·
299 3282 342 3321 Nec
352 3277 381 3334 est
394 3282 513 3340 preterea]
532 3280 585 3324 Hoc
598 3286 680 3331 tamen
699 3265 840 3329 effecimus,
856 3266 929 3320 multi
947 3283 974 3323 ut
989 3268 1088 3333 deiende

211 3346 264 3385 tam
274 3337 341 3386 maio
351 3340 476 3404 exemplo,
493 3336 533 3387 sed
541 3338 603 3387 nihii
614 3337 676 3385 ultra
686 3369 693 3390 ,
710 3337 766 3400 quia
777 3350 851 3383 nemo
864 3332 957 3400 aliquid
967 3326 1089 3394 auden&

207 3398 256 3527 {ui
271 3401 376 3451 maxime
390 3415 502 3469 patenter
515 3396 715 3497 inteteressem
728 3394 832 3460 mutiam
847 3396 982 3459 deberent,
1014 3396 1088 3460 salem,

226 3467 380 3525 ‚sistrorum
707 3504 711 3522 ,
800 3515 805 3520 ,
901 3498 904 3505 .
958 3502 962 3507 .
1028 3504 1032 3523 2
1084 3496 1088 3505 .

872 3528 876 3533 “
988 3522 1089 3590 imi
